timestamp,bid_price_1,bid_volume_1,bid_price_2,bid_volume_2,bid_price_3,bid_volume_3,ask_price_1,ask_volume_1,ask_price_2,ask_volume_2,ask_price_3,ask_volume_3,product
100,94,17,93,29,92,36,96,17,97,24,98,47,HATFIELD_STOCKS
100,89,28,88,48,87,48,91,36,92,44,93,67,COLLINGWOOD_STOCKS
100,210,25,209,37,208,48,211,27,212,26,213,46,CHADS_STOCKS
100,99,37,98,59,97,123,101,38,102,72,103,109,JOHNS_STOCKS
100,198,34,197,53,196,60,202,32,203,59,204,53,CASTLE_STOCKS
100,149,22,148,27,147,34,151,19,152,24,153,38,CUTHS_STOCKS
200,95,10,94,16,93,21,96,10,97,15,98,28,HATFIELD_STOCKS
200,89,28,88,34,87,59,91,23,92,34,93,52,COLLINGWOOD_STOCKS
200,207,44,206,72,205,63,209,51,210,59,211,69,CHADS_STOCKS
200,99,36,98,78,97,185,100,45,101,72,102,130,JOHNS_STOCKS
200,197,41,196,51,195,94,203,38,204,70,205,80,CASTLE_STOCKS
200,149,21,148,48,147,95,150,26,151,42,152,101,CUTHS_STOCKS
300,93,51,92,82,91,127,95,46,96,61,97,125,HATFIELD_STOCKS
300,90,26,89,40,88,60,92,22,93,46,94,61,COLLINGWOOD_STOCKS
300,210,45,209,70,208,175,211,46,212,89,213,132,CHADS_STOCKS
300,98,22,97,41,96,56,99,27,100,39,101,55,JOHNS_STOCKS
300,197,13,196,23,195,53,203,13,204,24,205,35,CASTLE_STOCKS
300,149,51,148,60,147,74,150,40,151,66,152,76,CUTHS_STOCKS
400,94,31,93,69,92,97,96,38,97,61,98,85,HATFIELD_STOCKS
400,90,24,89,32,88,40,92,28,93,37,94,41,COLLINGWOOD_STOCKS
400,210,26,209,54,208,118,212,29,213,58,214,112,CHADS_STOCKS
400,96,35,95,55,94,80,98,43,99,59,100,64,JOHNS_STOCKS
400,197,28,196,50,195,86,203,27,204,39,205,101,CASTLE_STOCKS
400,150,56,149,90,148,160,151,53,152,98,153,147,CUTHS_STOCKS
500,94,31,93,41,92,75,96,25,97,53,98,74,HATFIELD_STOCKS
500,91,27,90,43,89,90,92,20,93,44,94,93,COLLINGWOOD_STOCKS
500,211,52,210,67,209,60,213,37,214,59,215,75,CHADS_STOCKS
500,97,41,96,60,95,153,98,37,99,81,100,146,JOHNS_STOCKS
500,198,12,197,14,196,24,202,11,203,15,204,24,CASTLE_STOCKS
500,150,41,149,47,148,79,152,33,153,46,154,77,CUTHS_STOCKS
600,95,25,94,44,93,103,96,25,97,51,98,87,HATFIELD_STOCKS
600,91,20,90,30,89,48,92,16,93,30,94,45,COLLINGWOOD_STOCKS
600,212,26,211,50,210,96,214,37,215,58,216,85,CHADS_STOCKS
600,95,21,94,41,93,76,97,22,98,36,99,54,JOHNS_STOCKS
600,198,21,197,34,196,40,202,28,203,33,204,44,CASTLE_STOCKS
600,150,41,149,76,148,138,151,49,152,68,153,142,CUTHS_STOCKS
700,95,14,94,28,93,46,97,15,98,21,99,51,HATFIELD_STOCKS
700,90,30,89,56,88,95,91,30,92,57,93,128,COLLINGWOOD_STOCKS
700,213,19,212,26,211,43,215,19,216,30,217,58,CHADS_STOCKS
700,94,24,93,38,92,61,96,29,97,51,98,63,JOHNS_STOCKS
700,196,37,195,51,194,112,202,32,203,57,204,94,CASTLE_STOCKS
700,149,46,148,38,147,51,151,43,152,44,153,68,CUTHS_STOCKS
800,96,17,95,27,94,30,97,22,98,24,99,26,HATFIELD_STOCKS
800,90,28,89,49,88,123,91,34,92,62,93,93,COLLINGWOOD_STOCKS
800,215,29,214,40,213,60,216,33,217,39,218,47,CHADS_STOCKS
800,93,22,92,41,91,70,94,21,95,34,96,63,JOHNS_STOCKS
800,197,17,196,32,195,50,201,16,202,28,203,38,CASTLE_STOCKS
800,149,26,148,31,147,47,150,26,151,39,152,43,CUTHS_STOCKS
900,97,31,96,64,95,96,98,26,99,63,100,104,HATFIELD_STOCKS
900,90,33,89,46,88,71,91,45,92,53,93,55,COLLINGWOOD_STOCKS
900,216,33,215,49,214,60,217,25,218,43,219,69,CHADS_STOCKS
900,93,36,92,54,91,86,95,39,96,46,97,98,JOHNS_STOCKS
900,196,12,195,18,194,22,202,12,203,19,204,24,CASTLE_STOCKS
900,148,14,147,30,146,47,150,12,151,30,152,51,CUTHS_STOCKS
1000,97,47,96,66,95,95,98,43,99,63,100,111,HATFIELD_STOCKS
1000,90,12,89,15,88,20,92,11,93,14,94,20,COLLINGWOOD_STOCKS
1000,214,48,213,65,212,105,216,51,217,75,218,87,CHADS_STOCKS
1000,93,39,92,70,91,96,95,42,96,70,97,103,JOHNS_STOCKS
1000,196,33,195,39,194,47,202,24,203,38,204,41,CASTLE_STOCKS
1000,148,32,147,50,146,99,149,22,150,62,151,115,CUTHS_STOCKS
1100,97,28,96,40,95,68,98,31,99,44,100,88,HATFIELD_STOCKS
1100,91,15,90,35,89,61,92,17,93,31,94,51,COLLINGWOOD_STOCKS
1100,213,8,212,15,211,33,214,10,215,17,216,42,CHADS_STOCKS
1100,93,18,92,35,91,84,95,21,96,44,97,72,JOHNS_STOCKS
1100,197,36,196,54,195,87,201,28,202,52,203,67,CASTLE_STOCKS
1100,147,41,146,89,145,184,149,40,150,84,151,179,CUTHS_STOCKS
1200,96,18,95,29,94,47,98,18,99,31,100,56,HATFIELD_STOCKS
1200,91,32,90,58,89,84,92,37,93,52,94,60,COLLINGWOOD_STOCKS
1200,211,19,210,36,209,64,213,17,214,34,215,59,CHADS_STOCKS
1200,93,26,92,45,91,83,94,21,95,47,96,57,JOHNS_STOCKS
1200,197,35,196,43,195,74,201,29,202,54,203,73,CASTLE_STOCKS
1200,148,28,147,44,146,76,149,25,150,43,151,87,CUTHS_STOCKS
1300,96,53,95,78,94,166,98,59,99,97,100,179,HATFIELD_STOCKS
1300,91,27,90,38,89,58,92,30,93,42,94,48,COLLINGWOOD_STOCKS
1300,213,22,212,39,211,66,215,26,216,37,217,62,CHADS_STOCKS
1300,90,29,89,47,88,69,92,22,93,57,94,69,JOHNS_STOCKS
1300,197,54,196,94,195,168,201,56,202,92,203,170,CASTLE_STOCKS
1300,146,19,145,40,144,70,148,20,149,42,150,48,CUTHS_STOCKS
1400,96,37,95,63,94,70,97,32,98,62,99,91,HATFIELD_STOCKS
1400,91,47,90,49,89,95,92,32,93,54,94,88,COLLINGWOOD_STOCKS
1400,214,12,213,22,212,30,215,11,216,19,217,36,CHADS_STOCKS
1400,91,27,90,43,89,49,93,24,94,36,95,65,JOHNS_STOCKS
1400,196,45,195,86,194,206,202,52,203,97,204,189,CASTLE_STOCKS
1400,146,27,145,37,144,77,148,23,149,46,150,58,CUTHS_STOCKS
1500,96,29,95,52,94,125,97,31,98,59,99,87,HATFIELD_STOCKS
1500,90,11,89,14,88,17,92,11,93,12,94,17,COLLINGWOOD_STOCKS
1500,214,56,213,51,212,74,215,53,216,76,217,93,CHADS_STOCKS
1500,93,16,92,17,91,23,94,18,95,22,96,21,JOHNS_STOCKS
1500,197,22,196,24,195,43,201,17,202,30,203,39,CASTLE_STOCKS
1500,146,27,145,56,144,106,148,23,149,43,150,110,CUTHS_STOCKS
1600,97,29,96,46,95,82,98,22,99,52,100,86,HATFIELD_STOCKS
1600,92,34,91,47,90,83,93,28,94,62,95,108,COLLINGWOOD_STOCKS
1600,213,44,212,61,211,71,215,44,216,69,217,82,CHADS_STOCKS
1600,92,18,91,29,90,39,94,16,95,26,96,36,JOHNS_STOCKS
1600,196,23,195,32,194,55,200,22,201,39,202,52,CASTLE_STOCKS
1600,146,47,145,70,144,129,147,42,148,80,149,145,CUTHS_STOCKS
1700,98,38,97,64,96,88,99,36,100,57,101,109,HATFIELD_STOCKS
1700,93,22,92,29,91,41,94,24,95,31,96,44,COLLINGWOOD_STOCKS
1700,214,18,213,33,212,50,215,19,216,33,217,53,CHADS_STOCKS
1700,92,48,91,50,90,67,93,56,94,52,95,69,JOHNS_STOCKS
1700,195,41,194,81,193,165,201,40,202,72,203,173,CASTLE_STOCKS
1700,145,17,144,32,143,52,146,14,147,25,148,51,CUTHS_STOCKS
1800,99,24,98,50,97,60,100,27,101,46,102,51,HATFIELD_STOCKS
1800,92,26,91,37,90,66,94,36,95,46,96,69,COLLINGWOOD_STOCKS
1800,214,10,213,13,212,21,216,9,217,17,218,25,CHADS_STOCKS
1800,90,17,89,23,88,40,91,15,92,24,93,36,JOHNS_STOCKS
1800,196,14,195,22,194,55,200,12,201,23,202,37,CASTLE_STOCKS
1800,143,25,142,35,141,48,145,27,146,49,147,58,CUTHS_STOCKS
1900,97,18,96,32,95,70,99,20,100,33,101,59,HATFIELD_STOCKS
1900,92,21,91,31,90,74,93,21,94,37,95,67,COLLINGWOOD_STOCKS
1900,215,15,214,32,213,50,216,18,217,27,218,46,CHADS_STOCKS
1900,90,18,89,31,88,66,92,21,93,39,94,58,JOHNS_STOCKS
1900,196,42,195,64,194,109,200,52,201,91,202,140,CASTLE_STOCKS
1900,142,36,141,66,140,108,144,40,145,63,146,129,CUTHS_STOCKS
2000,97,25,96,30,95,34,99,28,100,35,101,44,HATFIELD_STOCKS
2000,92,24,91,38,90,46,93,30,94,30,95,39,COLLINGWOOD_STOCKS
2000,213,39,212,66,211,141,215,42,216,88,217,138,CHADS_STOCKS
2000,89,41,88,55,87,76,90,40,91,53,92,76,JOHNS_STOCKS
2000,195,16,194,27,193,43,201,14,202,19,203,41,CASTLE_STOCKS
2000,143,47,142,59,141,75,144,48,145,65,146,74,CUTHS_STOCKS
2100,98,27,97,66,96,104,100,29,101,57,102,111,HATFIELD_STOCKS
2100,91,15,90,23,89,38,93,14,94,22,95,43,COLLINGWOOD_STOCKS
2100,215,30,214,34,213,59,217,29,218,40,219,54,CHADS_STOCKS
2100,90,27,89,31,88,51,92,24,93,40,94,41,JOHNS_STOCKS
2100,196,29,195,71,194,93,202,40,203,61,204,99,CASTLE_STOCKS
2100,142,23,141,34,140,56,144,28,145,33,146,44,CUTHS_STOCKS
2200,99,36,98,44,97,80,100,34,101,46,102,82,HATFIELD_STOCKS
2200,91,22,90,28,89,50,93,23,94,34,95,54,COLLINGWOOD_STOCKS
2200,217,9,216,20,215,35,218,11,219,21,220,38,CHADS_STOCKS
2200,91,34,90,56,89,83,93,35,94,67,95,110,JOHNS_STOCKS
2200,196,56,195,79,194,219,200,56,201,104,202,215,CASTLE_STOCKS
2200,142,44,141,53,140,99,144,47,145,61,146,96,CUTHS_STOCKS
2300,96,22,95,31,94,43,98,25,99,23,100,43,HATFIELD_STOCKS
2300,92,45,91,63,90,138,93,55,94,65,95,144,COLLINGWOOD_STOCKS
2300,217,19,216,25,215,45,218,20,219,26,220,35,CHADS_STOCKS
2300,93,43,92,99,91,177,94,46,95,94,96,174,JOHNS_STOCKS
2300,195,41,194,56,193,96,201,43,202,62,203,84,CASTLE_STOCKS
2300,141,27,140,27,139,41,143,27,144,37,145,41,CUTHS_STOCKS
2400,97,50,96,67,95,109,98,37,99,57,100,86,HATFIELD_STOCKS
2400,92,25,91,68,90,111,93,32,94,55,95,104,COLLINGWOOD_STOCKS
2400,214,18,213,41,212,81,215,20,216,31,217,60,CHADS_STOCKS
2400,91,13,90,26,89,34,93,13,94,24,95,43,JOHNS_STOCKS
2400,196,49,195,63,194,101,200,44,201,90,202,111,CASTLE_STOCKS
2400,141,47,140,60,139,82,143,46,144,57,145,91,CUTHS_STOCKS
2500,95,48,94,57,93,65,97,52,98,59,99,63,HATFIELD_STOCKS
2500,91,18,90,29,89,41,92,19,93,29,94,36,COLLINGWOOD_STOCKS
2500,214,34,213,92,212,130,215,37,216,70,217,178,CHADS_STOCKS
2500,93,44,92,79,91,159,94,43,95,84,96,124,JOHNS_STOCKS
2500,196,18,195,36,194,74,200,19,201,47,202,81,CASTLE_STOCKS
2500,142,48,141,75,140,133,143,47,144,97,145,145,CUTHS_STOCKS
2600,95,47,94,54,93,78,97,52,98,73,99,76,HATFIELD_STOCKS
2600,91,14,90,25,89,32,92,14,93,22,94,31,COLLINGWOOD_STOCKS
2600,215,43,214,53,213,70,217,37,218,65,219,93,CHADS_STOCKS
2600,96,46,95,90,94,131,97,50,98,72,99,131,JOHNS_STOCKS
2600,195,29,194,64,193,98,201,28,202,62,203,107,CASTLE_STOCKS
2600,141,8,140,18,139,31,143,10,144,16,145,33,CUTHS_STOCKS
2700,96,17,95,28,94,30,98,19,99,23,100,29,HATFIELD_STOCKS
2700,92,16,91,25,90,34,93,19,94,24,95,40,COLLINGWOOD_STOCKS
2700,216,18,215,23,214,49,217,17,218,22,219,38,CHADS_STOCKS
2700,96,40,95,67,94,99,97,33,98,67,99,112,JOHNS_STOCKS
2700,195,47,194,101,193,135,201,51,202,84,203,187,CASTLE_STOCKS
2700,142,12,141,13,140,15,144,11,145,14,146,16,CUTHS_STOCKS
2800,95,19,94,29,93,38,97,26,98,33,99,38,HATFIELD_STOCKS
2800,90,43,89,59,88,73,92,43,93,44,94,67,COLLINGWOOD_STOCKS
2800,213,19,212,25,211,55,215,16,216,35,217,64,CHADS_STOCKS
2800,98,50,97,81,96,98,99,43,100,62,101,135,JOHNS_STOCKS
2800,197,23,196,33,195,46,201,24,202,41,203,51,CASTLE_STOCKS
2800,142,21,141,27,140,28,143,18,144,29,145,37,CUTHS_STOCKS
2900,96,20,95,32,94,39,97,17,98,27,99,42,HATFIELD_STOCKS
2900,90,21,89,34,88,53,92,17,93,29,94,63,COLLINGWOOD_STOCKS
2900,214,28,213,56,212,91,216,27,217,52,218,108,CHADS_STOCKS
2900,97,28,96,50,95,59,98,27,99,40,100,63,JOHNS_STOCKS
2900,196,37,195,54,194,140,200,34,201,55,202,125,CASTLE_STOCKS
2900,142,17,141,33,140,65,143,20,144,25,145,47,CUTHS_STOCKS
3000,97,44,96,99,95,144,98,55,99,108,100,142,HATFIELD_STOCKS
3000,91,27,90,31,89,68,92,26,93,40,94,65,COLLINGWOOD_STOCKS
3000,215,32,214,48,213,100,216,30,217,59,218,107,CHADS_STOCKS
3000,97,51,96,71,95,114,99,51,100,64,101,115,JOHNS_STOCKS
3000,196,50,195,70,194,174,202,39,203,91,204,154,CASTLE_STOCKS
3000,141,33,140,78,139,111,143,41,144,62,145,132,CUTHS_STOCKS
3100,96,10,95,19,94,32,98,10,99,18,100,32,HATFIELD_STOCKS
3100,91,10,90,16,89,30,92,9,93,22,94,38,COLLINGWOOD_STOCKS
3100,216,38,215,53,214,82,217,50,218,54,219,74,CHADS_STOCKS
3100,99,22,98,40,97,50,100,17,101,33,102,58,JOHNS_STOCKS
3100,197,45,196,72,195,85,201,54,202,60,203,97,CASTLE_STOCKS
3100,143,25,142,24,141,30,144,27,145,24,146,30,CUTHS_STOCKS
3200,96,9,95,13,94,16,97,11,98,11,99,15,HATFIELD_STOCKS
3200,90,19,89,31,88,43,92,17,93,29,94,40,COLLINGWOOD_STOCKS
3200,216,48,215,103,214,121,217,41,218,71,219,141,CHADS_STOCKS
3200,100,33,99,68,98,165,101,38,102,82,103,147,JOHNS_STOCKS
3200,196,11,195,22,194,55,202,11,203,21,204,44,CASTLE_STOCKS
3200,143,48,142,69,141,88,144,49,145,74,146,89,CUTHS_STOCKS
3300,95,16,94,34,93,38,97,14,98,26,99,51,HATFIELD_STOCKS
3300,90,21,89,28,88,35,92,20,93,36,94,44,COLLINGWOOD_STOCKS
3300,217,16,216,22,215,39,219,14,220,18,221,37,CHADS_STOCKS
3300,101,32,100,33,99,62,102,24,103,35,104,62,JOHNS_STOCKS
3300,196,10,195,17,194,22,202,12,203,15,204,18,CASTLE_STOCKS
3300,142,38,141,63,140,77,144,45,145,61,146,80,CUTHS_STOCKS
3400,96,20,95,32,94,71,98,16,99,39,100,67,HATFIELD_STOCKS
3400,90,45,89,45,88,59,91,35,92,64,93,71,COLLINGWOOD_STOCKS
3400,218,30,217,73,216,128,220,39,221,69,222,100,CHADS_STOCKS
3400,100,45,99,73,98,148,101,40,102,81,103,125,JOHNS_STOCKS
3400,197,10,196,16,195,25,201,9,202,15,203,31,CASTLE_STOCKS
3400,142,38,141,40,140,54,144,40,145,45,146,69,CUTHS_STOCKS
3500,96,28,95,32,94,44,98,20,99,25,100,44,HATFIELD_STOCKS
3500,91,40,90,61,89,127,92,54,93,86,94,92,COLLINGWOOD_STOCKS
3500,219,34,218,35,217,45,220,28,221,37,222,57,CHADS_STOCKS
3500,99,45,98,61,97,154,101,43,102,60,103,122,JOHNS_STOCKS
3500,197,21,196,43,195,99,201,22,202,39,203,74,CASTLE_STOCKS
3500,142,23,141,32,140,66,144,25,145,39,146,53,CUTHS_STOCKS
3600,97,36,96,84,95,139,98,40,99,81,100,153,HATFIELD_STOCKS
3600,91,21,90,34,89,67,92,18,93,37,94,70,COLLINGWOOD_STOCKS
3600,219,38,218,53,217,144,220,33,221,55,222,117,CHADS_STOCKS
3600,100,22,99,37,98,58,101,23,102,36,103,54,JOHNS_STOCKS
3600,197,11,196,18,195,23,201,14,202,15,203,23,CASTLE_STOCKS
3600,142,45,141,51,140,55,144,36,145,49,146,54,CUTHS_STOCKS
3700,97,27,96,55,95,83,98,23,99,40,100,77,HATFIELD_STOCKS
3700,91,28,90,31,89,58,93,28,94,45,95,49,COLLINGWOOD_STOCKS
3700,220,42,219,90,218,186,221,40,222,72,223,186,CHADS_STOCKS
3700,99,48,98,54,97,65,101,34,102,54,103,69,JOHNS_STOCKS
3700,196,18,195,20,194,32,200,19,201,19,202,30,CASTLE_STOCKS
3700,142,30,141,34,140,63,143,31,144,47,145,55,CUTHS_STOCKS
3800,95,37,94,43,93,55,97,34,98,54,99,58,HATFIELD_STOCKS
3800,90,39,89,48,88,75,92,37,93,58,94,64,COLLINGWOOD_STOCKS
3800,220,28,219,53,218,72,222,32,223,49,224,55,CHADS_STOCKS
3800,100,31,99,57,98,66,101,36,102,57,103,76,JOHNS_STOCKS
3800,197,35,196,55,195,91,201,35,202,62,203,102,CASTLE_STOCKS
3800,142,48,141,75,140,88,143,42,144,53,145,103,CUTHS_STOCKS
3900,95,40,94,56,93,89,97,40,98,49,99,72,HATFIELD_STOCKS
3900,92,16,91,15,90,23,93,16,94,17,95,21,COLLINGWOOD_STOCKS
3900,219,13,218,24,217,36,220,12,221,19,222,35,CHADS_STOCKS
3900,98,27,97,41,96,73,99,21,100,33,101,82,JOHNS_STOCKS
3900,197,40,196,77,195,142,201,30,202,62,203,137,CASTLE_STOCKS
3900,141,11,140,16,139,24,143,11,144,14,145,18,CUTHS_STOCKS
4000,97,33,96,62,95,156,98,40,99,72,100,141,HATFIELD_STOCKS
4000,90,47,89,72,88,106,92,49,93,58,94,100,COLLINGWOOD_STOCKS
4000,216,38,215,62,214,75,218,43,219,56,220,56,CHADS_STOCKS
4000,98,49,97,75,96,122,99,55,100,90,101,117,JOHNS_STOCKS
4000,196,45,195,65,194,146,202,46,203,91,204,140,CASTLE_STOCKS
4000,141,22,140,44,139,71,143,18,144,49,145,74,CUTHS_STOCKS
4100,97,27,96,53,95,100,98,26,99,57,100,93,HATFIELD_STOCKS
4100,89,15,88,23,87,63,91,16,92,23,93,65,COLLINGWOOD_STOCKS
4100,218,31,217,58,216,66,219,31,220,40,221,98,CHADS_STOCKS
4100,98,32,97,48,96,105,99,38,100,60,101,95,JOHNS_STOCKS
4100,197,20,196,33,195,66,203,22,204,29,205,57,CASTLE_STOCKS
4100,141,16,140,29,139,34,143,20,144,28,145,30,CUTHS_STOCKS
4200,96,38,95,70,94,101,97,43,98,58,99,92,HATFIELD_STOCKS
4200,88,10,87,17,86,26,90,9,91,12,92,20,COLLINGWOOD_STOCKS
4200,219,45,218,72,217,179,220,43,221,91,222,188,CHADS_STOCKS
4200,101,28,100,48,99,59,102,29,103,37,104,50,JOHNS_STOCKS
4200,198,46,197,65,196,63,202,44,203,46,204,67,CASTLE_STOCKS
4200,142,19,141,38,140,62,143,21,144,43,145,66,CUTHS_STOCKS
4300,97,39,96,66,95,82,98,41,99,75,100,95,HATFIELD_STOCKS
4300,89,36,88,62,87,104,91,35,92,73,93,96,COLLINGWOOD_STOCKS
4300,216,48,215,54,214,83,217,53,218,56,219,66,CHADS_STOCKS
4300,105,31,104,58,103,92,106,28,107,43,108,98,JOHNS_STOCKS
4300,198,44,197,75,196,172,202,40,203,81,204,204,CASTLE_STOCKS
4300,142,54,141,95,140,148,144,47,145,104,146,144,CUTHS_STOCKS
4400,96,27,95,61,94,103,98,31,99,54,100,87,HATFIELD_STOCKS
4400,89,13,88,20,87,40,90,11,91,19,92,32,COLLINGWOOD_STOCKS
4400,216,56,215,67,214,88,218,45,219,54,220,83,CHADS_STOCKS
4400,104,30,103,48,102,70,106,31,107,51,108,69,JOHNS_STOCKS
4400,198,29,197,60,196,97,202,36,203,62,204,86,CASTLE_STOCKS
4400,143,43,142,56,141,87,144,41,145,67,146,92,CUTHS_STOCKS
4500,97,45,96,55,95,71,99,48,100,73,101,93,HATFIELD_STOCKS
4500,89,47,88,97,87,161,91,54,92,104,93,156,COLLINGWOOD_STOCKS
4500,215,42,214,78,213,90,217,41,218,66,219,97,CHADS_STOCKS
4500,105,40,104,82,103,185,107,48,108,78,109,153,JOHNS_STOCKS
4500,197,50,196,75,195,114,203,47,204,68,205,109,CASTLE_STOCKS
4500,143,13,142,20,141,28,145,13,146,17,147,23,CUTHS_STOCKS
4600,96,34,95,62,94,124,97,33,98,84,99,137,HATFIELD_STOCKS
4600,89,24,88,39,87,79,90,27,91,47,92,74,COLLINGWOOD_STOCKS
4600,214,22,213,31,212,61,216,23,217,33,218,72,CHADS_STOCKS
4600,105,39,104,69,103,80,107,41,108,65,109,96,JOHNS_STOCKS
4600,197,24,196,48,195,69,203,17,204,39,205,94,CASTLE_STOCKS
4600,144,17,143,25,142,36,145,17,146,25,147,38,CUTHS_STOCKS
4700,95,28,94,52,93,72,97,25,98,53,99,71,HATFIELD_STOCKS
4700,90,26,89,71,88,124,91,35,92,58,93,97,COLLINGWOOD_STOCKS
4700,216,27,215,54,214,64,218,32,219,45,220,68,CHADS_STOCKS
4700,103,11,102,21,101,40,105,13,106,26,107,38,JOHNS_STOCKS
4700,197,33,196,54,195,87,203,27,204,56,205,87,CASTLE_STOCKS
4700,144,39,143,83,142,137,146,46,147,72,148,150,CUTHS_STOCKS
4800,96,17,95,22,94,32,97,19,98,23,99,32,HATFIELD_STOCKS
4800,89,23,88,47,87,96,90,25,91,50,92,71,COLLINGWOOD_STOCKS
4800,217,14,216,23,215,24,218,15,219,23,220,32,CHADS_STOCKS
4800,104,30,103,46,102,97,105,29,106,54,107,101,JOHNS_STOCKS
4800,197,41,196,58,195,82,203,46,204,53,205,57,CASTLE_STOCKS
4800,143,11,142,22,141,36,145,15,146,20,147,43,CUTHS_STOCKS
4900,96,39,95,54,94,63,97,42,98,44,99,84,HATFIELD_STOCKS
4900,88,22,87,26,86,40,90,17,91,35,92,46,COLLINGWOOD_STOCKS
4900,214,18,213,24,212,40,216,16,217,24,218,42,CHADS_STOCKS
4900,104,25,103,35,102,47,105,21,106,36,107,57,JOHNS_STOCKS
4900,198,25,197,37,196,66,202,23,203,38,204,64,CASTLE_STOCKS
4900,143,41,142,90,141,147,145,37,146,85,147,141,CUTHS_STOCKS
5000,95,53,94,95,93,198,97,50,98,102,99,169,HATFIELD_STOCKS
5000,88,25,87,32,86,44,90,24,91,39,92,47,COLLINGWOOD_STOCKS
5000,218,41,217,69,216,102,219,36,220,63,221,100,CHADS_STOCKS
5000,104,47,103,88,102,126,105,42,106,68,107,122,JOHNS_STOCKS
5000,198,47,197,74,196,91,202,54,203,57,204,111,CASTLE_STOCKS
5000,142,43,141,78,140,169,144,34,145,68,146,123,CUTHS_STOCKS
5100,95,10,94,13,93,19,96,9,97,17,98,19,HATFIELD_STOCKS
5100,87,30,86,48,85,62,89,33,90,41,91,64,COLLINGWOOD_STOCKS
5100,217,49,216,108,215,142,219,42,220,96,221,190,CHADS_STOCKS
5100,105,36,104,63,103,110,107,35,108,50,109,123,JOHNS_STOCKS
5100,197,18,196,29,195,50,201,19,202,25,203,43,CASTLE_STOCKS
5100,142,42,141,44,140,56,143,38,144,38,145,43,CUTHS_STOCKS
5200,94,18,93,25,92,53,95,15,96,25,97,52,HATFIELD_STOCKS
5200,87,19,86,32,85,39,89,25,90,27,91,32,COLLINGWOOD_STOCKS
5200,218,14,217,40,216,70,219,14,220,29,221,57,CHADS_STOCKS
5200,103,27,102,33,101,79,105,28,106,43,107,74,JOHNS_STOCKS
5200,197,21,196,28,195,46,201,19,202,34,203,66,CASTLE_STOCKS
5200,142,34,141,39,140,44,144,29,145,40,146,46,CUTHS_STOCKS
5300,94,10,93,19,92,43,95,11,96,25,97,32,HATFIELD_STOCKS
5300,88,48,87,57,86,104,90,45,91,79,92,112,COLLINGWOOD_STOCKS
5300,215,39,214,71,213,154,216,41,217,67,218,184,CHADS_STOCKS
5300,101,39,100,67,99,107,103,37,104,51,105,128,JOHNS_STOCKS
5300,196,47,195,58,194,82,202,45,203,75,204,94,CASTLE_STOCKS
5300,143,43,142,76,141,103,144,54,145,83,146,111,CUTHS_STOCKS
5400,94,42,93,83,92,111,96,46,97,68,98,130,HATFIELD_STOCKS
5400,87,17,86,28,85,38,89,16,90,24,91,39,COLLINGWOOD_STOCKS
5400,214,37,213,88,212,164,216,42,217,94,218,140,CHADS_STOCKS
5400,99,17,98,32,97,50,101,17,102,24,103,49,JOHNS_STOCKS
5400,196,12,195,26,194,52,200,13,201,27,202,52,CASTLE_STOCKS
5400,143,41,142,72,141,99,144,35,145,66,146,101,CUTHS_STOCKS
5500,94,40,93,110,92,196,96,50,97,87,98,182,HATFIELD_STOCKS
5500,87,11,86,23,85,27,89,12,90,24,91,33,COLLINGWOOD_STOCKS
5500,212,32,211,49,210,82,213,29,214,54,215,109,CHADS_STOCKS
5500,100,57,99,55,98,73,101,43,102,77,103,96,JOHNS_STOCKS
5500,196,38,195,59,194,87,202,42,203,45,204,70,CASTLE_STOCKS
5500,143,42,142,85,141,149,145,50,146,85,147,165,CUTHS_STOCKS
5600,94,40,93,52,92,81,96,45,97,54,98,96,HATFIELD_STOCKS
5600,87,22,86,37,85,57,89,21,90,26,91,40,COLLINGWOOD_STOCKS
5600,211,29,210,58,209,106,213,34,214,53,215,101,CHADS_STOCKS
5600,101,19,100,32,99,44,102,17,103,34,104,46,JOHNS_STOCKS
5600,196,22,195,45,194,107,202,32,203,45,204,106,CASTLE_STOCKS
5600,143,47,142,67,141,98,144,48,145,57,146,105,CUTHS_STOCKS
5700,94,40,93,86,92,115,96,41,97,60,98,122,HATFIELD_STOCKS
5700,88,19,87,48,86,93,90,27,91,52,92,82,COLLINGWOOD_STOCKS
5700,210,23,209,28,208,48,211,21,212,26,213,47,CHADS_STOCKS
5700,101,29,100,32,99,44,103,26,104,42,105,42,JOHNS_STOCKS
5700,196,27,195,44,194,56,202,31,203,42,204,56,CASTLE_STOCKS
5700,144,31,143,44,142,73,145,33,146,49,147,79,CUTHS_STOCKS
5800,94,22,93,44,92,71,96,21,97,47,98,57,HATFIELD_STOCKS
5800,88,39,87,42,86,54,90,35,91,36,92,41,COLLINGWOOD_STOCKS
5800,208,34,207,43,206,55,210,30,211,35,212,58,CHADS_STOCKS
5800,100,34,99,45,98,49,102,30,103,36,104,57,JOHNS_STOCKS
5800,196,22,195,29,194,36,202,22,203,28,204,39,CASTLE_STOCKS
5800,144,29,143,50,142,89,146,32,147,42,148,61,CUTHS_STOCKS
5900,94,35,93,67,92,146,96,32,97,77,98,136,HATFIELD_STOCKS
5900,89,48,88,78,87,150,91,47,92,102,93,189,COLLINGWOOD_STOCKS
5900,207,10,206,18,205,30,208,14,209,18,210,22,CHADS_STOCKS
5900,99,49,98,69,97,82,100,55,101,71,102,78,JOHNS_STOCKS
5900,195,28,194,51,193,81,201,38,202,47,203,82,CASTLE_STOCKS
5900,143,13,142,24,141,39,144,14,145,26,146,38,CUTHS_STOCKS
6000,95,46,94,50,93,64,97,40,98,48,99,72,HATFIELD_STOCKS
6000,89,11,88,16,87,27,91,11,92,14,93,27,COLLINGWOOD_STOCKS
6000,205,35,204,50,203,65,207,41,208,45,209,69,CHADS_STOCKS
6000,100,34,99,63,98,82,101,39,102,61,103,73,JOHNS_STOCKS
6000,196,24,195,43,194,50,200,32,201,41,202,51,CASTLE_STOCKS
6000,142,15,141,24,140,45,144,19,145,27,146,44,CUTHS_STOCKS
6100,95,42,94,76,93,118,97,42,98,77,99,112,HATFIELD_STOCKS
6100,90,32,89,55,88,54,92,40,93,46,94,54,COLLINGWOOD_STOCKS
6100,205,22,204,39,203,73,206,19,207,42,208,71,CHADS_STOCKS
6100,98,11,97,16,96,31,99,10,100,17,101,32,JOHNS_STOCKS
6100,196,18,195,22,194,29,200,13,201,20,202,28,CASTLE_STOCKS
6100,142,20,141,23,140,39,144,17,145,25,146,47,CUTHS_STOCKS
6200,94,23,93,42,92,66,96,27,97,44,98,63,HATFIELD_STOCKS
6200,91,25,90,44,89,65,92,25,93,37,94,60,COLLINGWOOD_STOCKS
6200,206,14,205,27,204,47,207,12,208,23,209,53,CHADS_STOCKS
6200,96,8,95,10,94,18,97,11,98,13,99,18,JOHNS_STOCKS
6200,195,18,194,35,193,58,199,20,200,27,201,52,CASTLE_STOCKS
6200,142,24,141,37,140,64,144,22,145,41,146,69,CUTHS_STOCKS
6300,93,33,92,61,91,110,95,40,96,64,97,100,HATFIELD_STOCKS
6300,92,29,91,52,90,91,93,26,94,44,95,98,COLLINGWOOD_STOCKS
6300,207,31,206,50,205,92,208,32,209,54,210,63,CHADS_STOCKS
6300,95,8,94,19,93,31,96,12,97,22,98,34,JOHNS_STOCKS
6300,194,23,193,25,192,39,200,25,201,24,202,40,CASTLE_STOCKS
6300,141,35,140,44,139,53,143,33,144,47,145,63,CUTHS_STOCKS
6400,93,13,92,29,91,51,95,13,96,30,97,43,HATFIELD_STOCKS
6400,92,27,91,30,90,47,93,21,94,40,95,59,COLLINGWOOD_STOCKS
6400,205,26,204,38,203,56,207,33,208,45,209,64,CHADS_STOCKS
6400,95,43,94,43,93,87,96,43,97,60,98,68,JOHNS_STOCKS
6400,195,12,194,26,193,41,199,15,200,23,201,33,CASTLE_STOCKS
6400,142,11,141,17,140,21,143,11,144,16,145,21,CUTHS_STOCKS
6500,93,24,92,36,91,56,95,22,96,40,97,56,HATFIELD_STOCKS
6500,91,45,90,69,89,83,93,46,94,61,95,77,COLLINGWOOD_STOCKS
6500,205,23,204,21,203,32,206,19,207,22,208,41,CHADS_STOCKS
6500,94,59,93,69,92,111,96,48,97,67,98,144,JOHNS_STOCKS
6500,195,43,194,70,193,173,199,44,200,91,201,156,CASTLE_STOCKS
6500,142,45,141,101,140,172,143,46,144,86,145,174,CUTHS_STOCKS
6600,93,45,92,88,91,121,95,47,96,81,97,119,HATFIELD_STOCKS
6600,90,24,89,34,88,44,92,21,93,29,94,43,COLLINGWOOD_STOCKS
6600,205,20,204,39,203,79,207,20,208,43,209,64,CHADS_STOCKS
6600,94,48,93,55,92,87,95,40,96,72,97,104,JOHNS_STOCKS
6600,195,55,194,110,193,174,201,54,202,79,203,146,CASTLE_STOCKS
6600,143,31,142,53,141,71,144,31,145,47,146,76,CUTHS_STOCKS
6700,92,30,91,27,90,45,94,24,95,38,96,48,HATFIELD_STOCKS
6700,90,47,89,56,88,98,92,48,93,60,94,78,COLLINGWOOD_STOCKS
6700,206,18,205,28,204,77,207,15,208,32,209,78,CHADS_STOCKS
6700,90,20,89,32,88,49,92,17,93,30,94,53,JOHNS_STOCKS
6700,194,38,193,90,192,148,200,49,201,91,202,167,CASTLE_STOCKS
6700,142,10,141,21,140,37,143,9,144,19,145,31,CUTHS_STOCKS
6800,93,54,92,83,91,136,94,58,95,85,96,166,HATFIELD_STOCKS
6800,90,43,89,61,88,82,92,33,93,48,94,99,COLLINGWOOD_STOCKS
6800,206,25,205,47,204,93,207,29,208,40,209,99,CHADS_STOCKS
6800,91,41,90,48,89,73,93,37,94,67,95,84,JOHNS_STOCKS
6800,195,35,194,58,193,82,199,41,200,45,201,69,CASTLE_STOCKS
6800,142,14,141,27,140,65,143,16,144,33,145,69,CUTHS_STOCKS
6900,95,9,94,14,93,31,96,9,97,21,98,26,HATFIELD_STOCKS
6900,92,17,91,27,90,59,93,16,94,33,95,69,COLLINGWOOD_STOCKS
6900,206,39,205,47,204,73,207,31,208,51,209,92,CHADS_STOCKS
6900,92,14,91,17,90,26,94,11,95,20,96,24,JOHNS_STOCKS
6900,195,21,194,50,193,84,199,28,200,51,201,94,CASTLE_STOCKS
6900,140,28,139,55,138,80,142,25,143,58,144,82,CUTHS_STOCKS
7000,95,14,94,25,93,42,96,14,97,24,98,44,HATFIELD_STOCKS
7000,90,28,89,36,88,45,92,30,93,44,94,45,COLLINGWOOD_STOCKS
7000,204,57,203,69,202,79,206,49,207,57,208,66,CHADS_STOCKS
7000,91,20,90,32,89,44,92,16,93,29,94,51,JOHNS_STOCKS
7000,194,33,193,66,192,94,200,36,201,59,202,84,CASTLE_STOCKS
7000,141,13,140,27,139,44,142,11,143,24,144,47,CUTHS_STOCKS
7100,95,14,94,21,93,30,96,13,97,20,98,23,HATFIELD_STOCKS
7100,92,13,91,16,90,20,93,11,94,14,95,20,COLLINGWOOD_STOCKS
7100,204,26,203,50,202,84,205,27,206,47,207,99,CHADS_STOCKS
7100,90,14,89,16,88,22,91,14,92,18,93,21,JOHNS_STOCKS
7100,193,20,192,32,191,87,199,21,200,33,201,73,CASTLE_STOCKS
7100,141,30,140,67,139,90,142,35,143,55,144,126,CUTHS_STOCKS
7200,95,46,94,86,93,195,97,45,98,106,99,178,HATFIELD_STOCKS
7200,92,32,91,34,90,45,93,30,94,40,95,51,COLLINGWOOD_STOCKS
7200,202,50,201,82,200,103,203,42,204,82,205,105,CHADS_STOCKS
7200,88,34,87,57,86,95,90,30,91,68,92,111,JOHNS_STOCKS
7200,193,16,192,26,191,31,199,13,200,19,201,32,CASTLE_STOCKS
7200,141,35,140,42,139,104,142,31,143,52,144,90,CUTHS_STOCKS
7300,96,37,95,41,94,90,98,36,99,58,100,78,HATFIELD_STOCKS
7300,91,11,90,22,89,29,93,11,94,23,95,37,COLLINGWOOD_STOCKS
7300,204,30,203,60,202,124,205,30,206,59,207,105,CHADS_STOCKS
7300,87,41,86,74,85,151,88,53,89,71,90,122,JOHNS_STOCKS
7300,193,31,192,51,191,60,199,39,200,53,201,52,CASTLE_STOCKS
7300,142,15,141,41,140,78,143,19,144,37,145,72,CUTHS_STOCKS
7400,98,44,97,75,96,134,99,36,100,83,101,126,HATFIELD_STOCKS
7400,91,35,90,30,89,52,93,28,94,40,95,46,COLLINGWOOD_STOCKS
7400,203,15,202,30,201,45,204,15,205,31,206,52,CHADS_STOCKS
7400,87,28,86,52,85,75,88,34,89,40,90,54,JOHNS_STOCKS
7400,194,17,193,26,192,50,200,20,201,29,202,42,CASTLE_STOCKS
7400,142,36,141,49,140,68,143,41,144,46,145,63,CUTHS_STOCKS
7500,97,37,96,75,95,139,98,43,99,77,100,167,HATFIELD_STOCKS
7500,91,35,90,71,89,170,93,37,94,82,95,156,COLLINGWOOD_STOCKS
7500,203,36,202,63,201,156,204,29,205,64,206,160,CHADS_STOCKS
7500,87,37,86,68,85,68,89,50,90,67,91,86,JOHNS_STOCKS
7500,194,23,193,28,192,39,200,23,201,41,202,50,CASTLE_STOCKS
7500,142,19,141,47,140,72,143,19,144,51,145,77,CUTHS_STOCKS
7600,96,27,95,29,94,43,97,25,98,24,99,35,HATFIELD_STOCKS
7600,91,10,90,16,89,26,92,12,93,18,94,34,COLLINGWOOD_STOCKS
7600,201,46,200,77,199,152,203,57,204,95,205,128,CHADS_STOCKS
7600,86,25,85,42,84,59,87,20,88,35,89,79,JOHNS_STOCKS
7600,193,34,192,64,191,104,199,35,200,48,201,83,CASTLE_STOCKS
7600,141,56,140,74,139,73,142,47,143,78,144,105,CUTHS_STOCKS
7700,95,19,94,26,93,37,97,18,98,23,99,39,HATFIELD_STOCKS
7700,90,47,89,70,88,107,91,46,92,77,93,72,COLLINGWOOD_STOCKS
7700,202,48,201,69,200,112,203,57,204,75,205,137,CHADS_STOCKS
7700,87,45,86,68,85,135,89,44,90,75,91,115,JOHNS_STOCKS
7700,194,9,193,13,192,28,198,9,199,16,200,25,CASTLE_STOCKS
7700,140,54,139,82,138,123,142,58,143,73,144,166,CUTHS_STOCKS
7800,95,26,94,52,93,79,96,23,97,48,98,81,HATFIELD_STOCKS
7800,90,25,89,27,88,46,91,26,92,28,93,38,COLLINGWOOD_STOCKS
7800,201,13,200,24,199,41,203,14,204,21,205,46,CHADS_STOCKS
7800,87,26,86,51,85,87,89,25,90,51,91,84,JOHNS_STOCKS
7800,194,20,193,26,192,40,200,19,201,31,202,53,CASTLE_STOCKS
7800,142,30,141,44,140,91,143,28,144,55,145,87,CUTHS_STOCKS
7900,93,11,92,16,91,29,95,11,96,21,97,30,HATFIELD_STOCKS
7900,91,31,90,42,89,65,92,27,93,49,94,90,COLLINGWOOD_STOCKS
7900,203,46,202,88,201,166,205,49,206,83,207,164,CHADS_STOCKS
7900,90,48,89,60,88,147,91,35,92,76,93,138,JOHNS_STOCKS
7900,194,20,193,38,192,68,198,17,199,31,200,70,CASTLE_STOCKS
7900,141,20,140,40,139,100,143,25,144,54,145,76,CUTHS_STOCKS
8000,94,45,93,52,92,70,96,48,97,53,98,69,HATFIELD_STOCKS
8000,92,45,91,49,90,71,93,46,94,63,95,95,COLLINGWOOD_STOCKS
8000,204,42,203,64,202,90,206,36,207,71,208,108,CHADS_STOCKS
8000,88,10,87,14,86,14,90,11,91,11,92,20,JOHNS_STOCKS
8000,193,26,192,45,191,106,199,25,200,46,201,91,CASTLE_STOCKS
8000,141,47,140,74,139,117,142,46,143,94,144,139,CUTHS_STOCKS
8100,94,18,93,27,92,49,96,20,97,33,98,49,HATFIELD_STOCKS
8100,92,47,91,73,90,147,94,48,95,105,96,184,COLLINGWOOD_STOCKS
8100,205,39,204,41,203,68,206,34,207,40,208,64,CHADS_STOCKS
8100,87,20,86,41,85,81,89,20,90,41,91,69,JOHNS_STOCKS
8100,194,22,193,30,192,35,198,23,199,29,200,44,CASTLE_STOCKS
8100,141,53,140,66,139,164,142,57,143,86,144,117,CUTHS_STOCKS
8200,95,32,94,61,93,86,97,41,98,45,99,67,HATFIELD_STOCKS
8200,92,31,91,70,90,106,94,32,95,57,96,108,COLLINGWOOD_STOCKS
8200,205,20,204,29,203,35,206,24,207,26,208,46,CHADS_STOCKS
8200,86,24,85,54,84,88,88,28,89,56,90,114,JOHNS_STOCKS
8200,194,46,193,56,192,104,198,42,199,63,200,99,CASTLE_STOCKS
8200,142,29,141,70,140,87,143,35,144,68,145,93,CUTHS_STOCKS
8300,94,29,93,43,92,53,96,25,97,37,98,44,HATFIELD_STOCKS
8300,92,17,91,22,90,26,93,20,94,23,95,31,COLLINGWOOD_STOCKS
8300,203,42,202,80,201,178,205,56,206,98,207,191,CHADS_STOCKS
8300,85,40,84,72,83,83,86,41,87,67,88,86,JOHNS_STOCKS
8300,194,26,193,43,192,83,198,29,199,39,200,82,CASTLE_STOCKS
8300,142,49,141,70,140,82,143,51,144,51,145,96,CUTHS_STOCKS
8400,95,41,94,55,93,106,96,45,97,63,98,99,HATFIELD_STOCKS
8400,92,32,91,47,90,91,94,22,95,49,96,92,COLLINGWOOD_STOCKS
8400,200,53,199,78,198,73,202,56,203,72,204,105,CHADS_STOCKS
8400,85,27,84,50,83,116,86,33,87,64,88,129,JOHNS_STOCKS
8400,195,22,194,38,193,60,199,20,200,29,201,69,CASTLE_STOCKS
8400,143,34,142,68,141,78,144,44,145,73,146,97,CUTHS_STOCKS
8500,93,38,92,95,91,172,95,49,96,78,97,168,HATFIELD_STOCKS
8500,92,38,91,55,90,152,93,34,94,56,95,123,COLLINGWOOD_STOCKS
8500,200,29,199,32,198,60,201,30,202,35,203,61,CHADS_STOCKS
8500,83,30,82,48,81,55,85,24,86,34,87,52,JOHNS_STOCKS
8500,194,38,193,51,192,75,200,42,201,46,202,92,CASTLE_STOCKS
8500,144,44,143,73,142,75,145,47,146,72,147,75,CUTHS_STOCKS
8600,92,24,91,37,90,53,94,18,95,42,96,65,HATFIELD_STOCKS
8600,90,21,89,32,88,33,91,23,92,25,93,36,COLLINGWOOD_STOCKS
8600,199,40,198,69,197,116,201,38,202,56,203,89,CHADS_STOCKS
8600,83,25,82,56,81,100,85,26,86,58,87,97,JOHNS_STOCKS
8600,194,25,193,37,192,45,200,22,201,38,202,54,CASTLE_STOCKS
8600,141,38,140,44,139,52,143,46,144,41,145,62,CUTHS_STOCKS
8700,91,24,90,34,89,77,93,19,94,41,95,59,HATFIELD_STOCKS
8700,90,50,89,81,88,119,92,54,93,83,94,134,COLLINGWOOD_STOCKS
8700,199,22,198,22,197,33,200,20,201,30,202,42,CHADS_STOCKS
8700,83,10,82,19,81,29,85,10,86,20,87,37,JOHNS_STOCKS
8700,193,40,192,60,191,89,199,34,200,64,201,66,CASTLE_STOCKS
8700,141,40,140,76,139,92,143,52,144,71,145,101,CUTHS_STOCKS
8800,92,54,91,85,90,99,93,56,94,70,95,108,HATFIELD_STOCKS
8800,90,14,89,15,88,27,91,11,92,17,93,32,COLLINGWOOD_STOCKS
8800,197,48,196,65,195,82,199,35,200,51,201,88,CHADS_STOCKS
8800,83,15,82,24,81,44,85,18,86,27,87,49,JOHNS_STOCKS
8800,194,27,193,48,192,80,200,23,201,47,202,68,CASTLE_STOCKS
8800,141,40,140,52,139,66,143,31,144,55,145,83,CUTHS_STOCKS
8900,92,33,91,58,90,85,94,35,95,65,96,76,HATFIELD_STOCKS
8900,91,41,90,56,89,117,92,40,93,70,94,112,COLLINGWOOD_STOCKS
8900,198,20,197,27,196,70,200,20,201,29,202,73,CHADS_STOCKS
8900,86,42,85,76,84,126,88,38,89,69,90,125,JOHNS_STOCKS
8900,194,20,193,52,192,88,200,18,201,52,202,102,CASTLE_STOCKS
8900,141,51,140,99,139,155,143,46,144,93,145,215,CUTHS_STOCKS
9000,94,12,93,29,92,54,95,18,96,35,97,52,HATFIELD_STOCKS
9000,92,35,91,50,90,119,93,34,94,46,95,102,COLLINGWOOD_STOCKS
9000,199,14,198,39,197,72,200,19,201,38,202,68,CHADS_STOCKS
9000,86,22,85,39,84,71,88,29,89,49,90,78,JOHNS_STOCKS
9000,194,30,193,68,192,130,200,30,201,52,202,127,CASTLE_STOCKS
9000,141,37,140,70,139,102,142,48,143,67,144,73,CUTHS_STOCKS
9100,94,34,93,46,92,59,95,39,96,49,97,70,HATFIELD_STOCKS
9100,90,13,89,15,88,26,92,9,93,17,94,37,COLLINGWOOD_STOCKS
9100,199,51,198,76,197,134,200,48,201,81,202,130,CHADS_STOCKS
9100,83,43,82,49,81,74,85,43,86,64,87,96,JOHNS_STOCKS
9100,194,11,193,14,192,21,200,9,201,13,202,22,CASTLE_STOCKS
9100,141,14,140,23,139,27,142,20,143,19,144,27,CUTHS_STOCKS
9200,93,25,92,33,91,50,95,20,96,32,97,47,HATFIELD_STOCKS
9200,89,20,88,28,87,38,91,17,92,26,93,33,COLLINGWOOD_STOCKS
9200,197,54,196,71,195,81,199,52,200,67,201,94,CHADS_STOCKS
9200,85,43,84,51,83,80,86,44,87,59,88,61,JOHNS_STOCKS
9200,195,30,194,45,193,69,199,29,200,56,201,82,CASTLE_STOCKS
9200,140,40,139,107,138,171,142,58,143,107,144,209,CUTHS_STOCKS
9300,93,15,92,26,91,52,94,15,95,25,96,59,HATFIELD_STOCKS
9300,90,33,89,45,88,72,91,24,92,52,93,66,COLLINGWOOD_STOCKS
9300,198,14,197,28,196,40,200,19,201,27,202,38,CHADS_STOCKS
9300,84,28,83,49,82,61,86,34,87,39,88,54,JOHNS_STOCKS
9300,195,30,194,81,193,122,199,41,200,57,201,118,CASTLE_STOCKS
9300,139,48,138,57,137,85,141,41,142,68,143,72,CUTHS_STOCKS
9400,94,11,93,12,92,20,95,9,96,16,97,22,HATFIELD_STOCKS
9400,90,20,89,23,88,37,91,21,92,21,93,38,COLLINGWOOD_STOCKS
9400,198,24,197,57,196,112,199,28,200,59,201,97,CHADS_STOCKS
9400,83,41,82,70,81,166,85,40,86,80,87,144,JOHNS_STOCKS
9400,193,31,192,72,191,118,199,30,200,66,201,150,CASTLE_STOCKS
9400,139,30,138,38,137,45,141,40,142,45,143,42,CUTHS_STOCKS
9500,93,28,92,44,91,62,95,21,96,37,97,65,HATFIELD_STOCKS
9500,89,38,88,43,87,47,91,38,92,34,93,65,COLLINGWOOD_STOCKS
9500,198,41,197,61,196,85,199,28,200,52,201,105,CHADS_STOCKS
9500,84,29,83,43,82,59,86,21,87,30,88,42,JOHNS_STOCKS
9500,193,41,192,63,191,60,199,46,200,52,201,59,CASTLE_STOCKS
9500,140,10,139,18,138,17,141,12,142,14,143,25,CUTHS_STOCKS
9600,95,48,94,55,93,78,97,37,98,61,99,72,HATFIELD_STOCKS
9600,90,25,89,46,88,75,91,26,92,52,93,83,COLLINGWOOD_STOCKS
9600,199,16,198,26,197,47,201,13,202,32,203,51,CHADS_STOCKS
9600,82,31,81,47,80,107,84,31,85,53,86,93,JOHNS_STOCKS
9600,194,36,193,56,192,60,198,44,199,56,200,64,CASTLE_STOCKS
9600,140,25,139,51,138,96,141,31,142,57,143,110,CUTHS_STOCKS
9700,95,44,94,87,93,169,97,41,98,65,99,178,HATFIELD_STOCKS
9700,89,25,88,35,87,66,91,25,92,33,93,72,COLLINGWOOD_STOCKS
9700,197,32,196,59,195,110,199,32,200,58,201,89,CHADS_STOCKS
9700,84,30,83,48,82,71,86,33,87,40,88,52,JOHNS_STOCKS
9700,194,24,193,66,192,123,198,28,199,59,200,103,CASTLE_STOCKS
9700,139,35,138,42,137,76,141,34,142,52,143,88,CUTHS_STOCKS
9800,96,8,95,15,94,19,97,10,98,14,99,21,HATFIELD_STOCKS
9800,89,12,88,16,87,16,91,13,92,18,93,18,COLLINGWOOD_STOCKS
9800,195,36,194,70,193,82,197,43,198,56,199,100,CHADS_STOCKS
9800,85,19,84,30,83,53,87,14,88,24,89,52,JOHNS_STOCKS
9800,193,25,192,34,191,42,199,25,200,35,201,32,CASTLE_STOCKS
9800,141,50,140,62,139,114,143,43,144,73,145,89,CUTHS_STOCKS
9900,95,34,94,60,93,101,96,41,97,60,98,91,HATFIELD_STOCKS
9900,89,47,88,72,87,127,91,42,92,87,93,161,COLLINGWOOD_STOCKS
9900,194,43,193,57,192,78,195,31,196,49,197,67,CHADS_STOCKS
9900,85,20,84,30,83,48,86,22,87,24,88,43,JOHNS_STOCKS
9900,193,10,192,17,191,27,199,12,200,16,201,26,CASTLE_STOCKS
9900,141,28,140,35,139,52,142,32,143,42,144,59,CUTHS_STOCKS
10000,95,15,94,23,93,58,96,15,97,28,98,60,HATFIELD_STOCKS
10000,89,31,88,44,87,51,91,40,92,37,93,57,COLLINGWOOD_STOCKS
10000,192,20,191,38,190,58,194,23,195,32,196,59,CHADS_STOCKS
10000,83,35,82,57,81,119,85,38,86,69,87,100,JOHNS_STOCKS
10000,194,34,193,41,192,41,198,24,199,39,200,49,CASTLE_STOCKS
10000,140,40,139,71,138,109,141,46,142,86,143,142,CUTHS_STOCKS
10100,95,36,94,65,93,108,96,34,97,61,98,111,HATFIELD_STOCKS
10100,91,15,90,36,89,64,92,15,93,26,94,52,COLLINGWOOD_STOCKS
10100,193,31,192,49,191,81,195,23,196,40,197,80,CHADS_STOCKS
10100,85,46,84,82,83,185,86,36,87,79,88,150,JOHNS_STOCKS
10100,193,14,192,35,191,58,197,18,198,30,199,56,CASTLE_STOCKS
10100,139,10,138,22,137,35,141,11,142,20,143,34,CUTHS_STOCKS
10200,95,42,94,60,93,69,96,42,97,55,98,59,HATFIELD_STOCKS
10200,90,36,89,67,88,135,92,34,93,68,94,138,COLLINGWOOD_STOCKS
10200,191,18,190,29,189,49,193,24,194,25,195,38,CHADS_STOCKS
10200,85,8,84,18,83,39,87,13,88,16,89,31,JOHNS_STOCKS
10200,194,57,193,64,192,88,198,46,199,58,200,99,CASTLE_STOCKS
10200,139,48,138,71,137,133,140,47,141,85,142,103,CUTHS_STOCKS
10300,95,10,94,19,93,32,96,9,97,17,98,26,HATFIELD_STOCKS
10300,92,42,91,101,90,206,93,47,94,101,95,168,COLLINGWOOD_STOCKS
10300,193,23,192,32,191,39,194,17,195,26,196,43,CHADS_STOCKS
10300,85,29,84,36,83,47,87,26,88,42,89,52,JOHNS_STOCKS
10300,193,16,192,19,191,32,199,16,200,19,201,35,CASTLE_STOCKS
10300,140,13,139,18,138,51,141,11,142,24,143,53,CUTHS_STOCKS
10400,93,18,92,31,91,50,95,14,96,33,97,60,HATFIELD_STOCKS
10400,92,28,91,38,90,59,93,28,94,51,95,56,COLLINGWOOD_STOCKS
10400,194,25,193,43,192,72,195,23,196,43,197,74,CHADS_STOCKS
10400,83,25,82,62,81,97,85,27,86,48,87,92,JOHNS_STOCKS
10400,195,34,194,87,193,153,199,46,200,88,201,183,CASTLE_STOCKS
10400,140,21,139,28,138,33,141,21,142,26,143,28,CUTHS_STOCKS
10500,93,19,92,21,91,38,95,17,96,27,97,32,HATFIELD_STOCKS
10500,91,14,90,15,89,19,93,12,94,19,95,21,COLLINGWOOD_STOCKS
10500,194,30,193,39,192,53,195,31,196,34,197,55,CHADS_STOCKS
10500,86,30,85,58,84,121,87,26,88,57,89,97,JOHNS_STOCKS
10500,195,8,194,14,193,18,199,10,200,13,201,13,CASTLE_STOCKS
10500,139,41,138,79,137,166,140,46,141,105,142,202,CUTHS_STOCKS
10600,95,37,94,58,93,95,96,44,97,54,98,87,HATFIELD_STOCKS
10600,91,29,90,53,89,95,92,33,93,56,94,108,COLLINGWOOD_STOCKS
10600,192,22,191,31,190,61,194,22,195,38,196,56,CHADS_STOCKS
10600,87,27,86,58,85,109,88,24,89,68,90,95,JOHNS_STOCKS
10600,195,31,194,38,193,45,199,32,200,41,201,61,CASTLE_STOCKS
10600,139,13,138,13,137,23,141,9,142,16,143,26,CUTHS_STOCKS
10700,95,20,94,28,93,40,96,19,97,23,98,46,HATFIELD_STOCKS
10700,89,40,88,78,87,107,91,29,92,75,93,131,COLLINGWOOD_STOCKS
10700,189,23,188,39,187,54,191,22,192,32,193,58,CHADS_STOCKS
10700,85,36,84,58,83,76,87,39,88,46,89,92,JOHNS_STOCKS
10700,195,38,194,45,193,60,199,48,200,49,201,61,CASTLE_STOCKS
10700,140,47,139,42,138,69,141,41,142,58,143,71,CUTHS_STOCKS
10800,93,25,92,35,91,61,95,24,96,38,97,73,HATFIELD_STOCKS
10800,90,29,89,52,88,94,91,28,92,56,93,97,COLLINGWOOD_STOCKS
10800,190,32,189,54,188,76,191,39,192,52,193,85,CHADS_STOCKS
10800,86,39,85,60,84,104,88,52,89,68,90,85,JOHNS_STOCKS
10800,195,36,194,46,193,92,199,33,200,53,201,87,CASTLE_STOCKS
10800,138,54,137,71,136,130,140,52,141,78,142,132,CUTHS_STOCKS
10900,93,47,92,109,91,156,95,48,96,109,97,157,HATFIELD_STOCKS
10900,89,17,88,34,87,57,91,14,92,32,93,59,COLLINGWOOD_STOCKS
10900,190,27,189,35,188,55,191,26,192,34,193,48,CHADS_STOCKS
10900,87,38,86,83,85,128,89,41,90,77,91,119,JOHNS_STOCKS
10900,194,17,193,26,192,45,200,17,201,23,202,36,CASTLE_STOCKS
10900,140,39,139,59,138,103,141,35,142,71,143,139,CUTHS_STOCKS
11000,95,34,94,39,93,56,96,39,97,49,98,59,HATFIELD_STOCKS
11000,91,37,90,42,89,63,92,37,93,45,94,47,COLLINGWOOD_STOCKS
11000,192,34,191,45,190,99,193,29,194,63,195,79,CHADS_STOCKS
11000,87,27,86,52,85,59,88,34,89,39,90,58,JOHNS_STOCKS
11000,195,22,194,30,193,39,199,25,200,26,201,35,CASTLE_STOCKS
11000,140,11,139,17,138,32,141,11,142,19,143,22,CUTHS_STOCKS
11100,95,28,94,46,93,77,97,24,98,58,99,99,HATFIELD_STOCKS
11100,90,29,89,61,88,118,91,41,92,55,93,137,COLLINGWOOD_STOCKS
11100,190,30,189,46,188,57,192,38,193,43,194,53,CHADS_STOCKS
11100,85,10,84,14,83,32,87,9,88,17,89,34,JOHNS_STOCKS
11100,195,35,194,41,193,67,199,39,200,57,201,61,CASTLE_STOCKS
11100,139,21,138,37,137,64,140,26,141,36,142,61,CUTHS_STOCKS
11200,96,53,95,92,94,157,97,41,98,90,99,176,HATFIELD_STOCKS
11200,92,18,91,28,90,38,93,19,94,26,95,34,COLLINGWOOD_STOCKS
11200,192,12,191,20,190,40,193,10,194,23,195,49,CHADS_STOCKS
11200,85,47,84,49,83,74,87,38,88,70,89,97,JOHNS_STOCKS
11200,194,13,193,20,192,26,198,14,199,21,200,33,CASTLE_STOCKS
11200,138,44,137,43,136,57,140,47,141,54,142,49,CUTHS_STOCKS
11300,95,13,94,24,93,31,97,19,98,22,99,33,HATFIELD_STOCKS
11300,92,12,91,20,90,34,93,11,94,19,95,32,COLLINGWOOD_STOCKS
11300,191,16,190,35,189,69,192,15,193,33,194,59,CHADS_STOCKS
11300,86,47,85,54,84,81,87,58,88,61,89,65,JOHNS_STOCKS
11300,194,45,193,47,192,64,200,41,201,45,202,52,CASTLE_STOCKS
11300,138,42,137,71,136,174,140,42,141,90,142,156,CUTHS_STOCKS
11400,97,33,96,54,95,88,98,28,99,58,100,101,HATFIELD_STOCKS
11400,94,41,93,66,92,121,95,43,96,66,97,92,COLLINGWOOD_STOCKS
11400,190,43,189,54,188,66,191,44,192,63,193,69,CHADS_STOCKS
11400,85,43,84,74,83,111,87,40,88,65,89,103,JOHNS_STOCKS
11400,194,32,193,52,192,70,200,30,201,46,202,72,CASTLE_STOCKS
11400,138,28,137,59,136,65,140,27,141,57,142,68,CUTHS_STOCKS
11500,96,40,95,84,94,161,98,38,99,68,100,153,HATFIELD_STOCKS
11500,94,41,93,72,92,155,95,50,96,77,97,192,COLLINGWOOD_STOCKS
11500,189,31,188,67,187,89,190,32,191,68,192,91,CHADS_STOCKS
11500,86,16,85,17,84,26,87,14,88,15,89,24,JOHNS_STOCKS
11500,194,35,193,47,192,68,198,50,199,59,200,70,CASTLE_STOCKS
11500,139,27,138,31,137,40,140,24,141,30,142,57,CUTHS_STOCKS
11600,95,12,94,20,93,30,97,10,98,18,99,39,HATFIELD_STOCKS
11600,93,10,92,11,91,14,95,12,96,13,97,16,COLLINGWOOD_STOCKS
11600,189,30,188,57,187,76,190,30,191,47,192,96,CHADS_STOCKS
11600,85,26,84,29,83,46,86,31,87,42,88,54,JOHNS_STOCKS
11600,194,21,193,34,192,41,198,21,199,37,200,56,CASTLE_STOCKS
11600,139,28,138,40,137,58,140,33,141,39,142,40,CUTHS_STOCKS
11700,96,48,95,74,94,84,98,53,99,71,100,89,HATFIELD_STOCKS
11700,93,20,92,29,91,31,95,20,96,22,97,37,COLLINGWOOD_STOCKS
11700,187,19,186,34,185,62,188,18,189,29,190,56,CHADS_STOCKS
11700,85,35,84,46,83,73,86,25,87,50,88,66,JOHNS_STOCKS
11700,194,45,193,50,192,64,198,44,199,49,200,87,CASTLE_STOCKS
11700,139,11,138,28,137,56,141,13,142,29,143,43,CUTHS_STOCKS
11800,96,29,95,72,94,138,98,36,99,50,100,128,HATFIELD_STOCKS
11800,94,43,93,68,92,149,95,39,96,86,97,153,COLLINGWOOD_STOCKS
11800,187,16,186,27,185,33,188,19,189,25,190,31,CHADS_STOCKS
11800,85,42,84,92,83,141,86,56,87,75,88,165,JOHNS_STOCKS
11800,194,35,193,77,192,149,198,41,199,90,200,151,CASTLE_STOCKS
11800,139,45,138,87,137,143,141,37,142,70,143,154,CUTHS_STOCKS
11900,96,36,95,100,94,183,98,39,99,95,100,164,HATFIELD_STOCKS
11900,94,22,93,29,92,48,95,20,96,27,97,52,COLLINGWOOD_STOCKS
11900,188,43,187,111,186,218,189,55,190,82,191,197,CHADS_STOCKS
11900,85,39,84,54,83,117,86,30,87,76,88,116,JOHNS_STOCKS
11900,194,22,193,41,192,66,200,25,201,47,202,65,CASTLE_STOCKS
11900,139,31,138,58,137,103,141,40,142,51,143,84,CUTHS_STOCKS
12000,97,49,96,105,95,182,99,41,100,111,101,209,HATFIELD_STOCKS
12000,93,16,92,30,91,47,94,18,95,30,96,58,COLLINGWOOD_STOCKS
12000,190,46,189,51,188,79,191,48,192,56,193,55,CHADS_STOCKS
12000,86,21,85,33,84,70,87,15,88,29,89,75,JOHNS_STOCKS
12000,194,28,193,58,192,86,200,33,201,51,202,93,CASTLE_STOCKS
12000,139,36,138,72,137,124,140,34,141,72,142,115,CUTHS_STOCKS
12100,98,33,97,62,96,84,99,32,100,52,101,88,HATFIELD_STOCKS
12100,93,40,92,74,91,138,94,40,95,59,96,118,COLLINGWOOD_STOCKS
12100,189,20,188,46,187,75,191,22,192,42,193,76,CHADS_STOCKS
12100,86,48,85,90,84,134,88,46,89,100,90,185,JOHNS_STOCKS
12100,195,24,194,46,193,79,199,27,200,48,201,76,CASTLE_STOCKS
12100,140,20,139,30,138,43,141,18,142,31,143,39,CUTHS_STOCKS
12200,97,21,96,40,95,74,99,28,100,41,101,84,HATFIELD_STOCKS
12200,92,35,91,51,90,54,94,34,95,58,96,50,COLLINGWOOD_STOCKS
12200,189,18,188,39,187,77,191,20,192,36,193,68,CHADS_STOCKS
12200,85,13,84,18,83,31,87,14,88,24,89,31,JOHNS_STOCKS
12200,194,13,193,23,192,28,200,18,201,23,202,39,CASTLE_STOCKS
12200,140,37,139,70,138,106,142,38,143,76,144,109,CUTHS_STOCKS
12300,98,27,97,41,96,56,99,20,100,33,101,58,HATFIELD_STOCKS
12300,92,50,91,65,90,72,94,49,95,64,96,81,COLLINGWOOD_STOCKS
12300,191,18,190,43,189,88,193,23,194,43,195,85,CHADS_STOCKS
12300,85,9,84,11,83,16,87,13,88,11,89,19,JOHNS_STOCKS
12300,194,9,193,19,192,27,200,10,201,14,202,25,CASTLE_STOCKS
12300,141,41,140,51,139,77,142,43,143,75,144,81,CUTHS_STOCKS
12400,98,24,97,38,96,72,99,25,100,49,101,86,HATFIELD_STOCKS
12400,93,14,92,20,91,21,94,14,95,16,96,20,COLLINGWOOD_STOCKS
12400,192,10,191,15,190,22,194,13,195,19,196,26,CHADS_STOCKS
12400,86,37,85,73,84,111,88,46,89,73,90,111,JOHNS_STOCKS
12400,195,15,194,18,193,36,199,16,200,20,201,28,CASTLE_STOCKS
12400,140,22,139,31,138,60,142,15,143,41,144,55,CUTHS_STOCKS
12500,96,36,95,54,94,93,98,36,99,79,100,90,HATFIELD_STOCKS
12500,92,9,91,15,90,35,93,8,94,18,95,26,COLLINGWOOD_STOCKS
12500,192,42,191,61,190,93,194,43,195,49,196,86,CHADS_STOCKS
12500,85,45,84,68,83,133,86,39,87,71,88,118,JOHNS_STOCKS
12500,195,12,194,22,193,44,199,11,200,27,201,40,CASTLE_STOCKS
12500,139,25,138,43,137,76,141,21,142,40,143,70,CUTHS_STOCKS
12600,97,24,96,35,95,50,99,26,100,46,101,62,HATFIELD_STOCKS
12600,91,20,90,37,89,51,93,21,94,29,95,50,COLLINGWOOD_STOCKS
12600,191,54,190,111,189,190,193,41,194,85,195,154,CHADS_STOCKS
12600,88,39,87,35,86,44,89,33,90,37,91,60,JOHNS_STOCKS
12600,195,34,194,69,193,119,199,44,200,77,201,93,CASTLE_STOCKS
12600,139,17,138,25,137,55,140,15,141,27,142,43,CUTHS_STOCKS
12700,98,35,97,82,96,139,99,40,100,81,101,135,HATFIELD_STOCKS
12700,92,23,91,38,90,54,94,25,95,39,96,50,COLLINGWOOD_STOCKS
12700,194,27,193,50,192,84,196,32,197,57,198,113,CHADS_STOCKS
12700,87,14,86,18,85,29,89,15,90,18,91,34,JOHNS_STOCKS
12700,194,37,193,77,192,177,200,40,201,91,202,120,CASTLE_STOCKS
12700,138,23,137,48,136,75,140,26,141,46,142,55,CUTHS_STOCKS
12800,97,39,96,62,95,100,99,36,100,53,101,75,HATFIELD_STOCKS
12800,93,30,92,52,91,98,94,31,95,47,96,84,COLLINGWOOD_STOCKS
12800,195,29,194,62,193,121,197,40,198,75,199,133,CHADS_STOCKS
12800,89,45,88,61,87,154,90,46,91,80,92,136,JOHNS_STOCKS
12800,196,15,195,23,194,29,200,14,201,22,202,30,CASTLE_STOCKS
12800,139,22,138,30,137,66,140,21,141,32,142,81,CUTHS_STOCKS
12900,99,33,98,73,97,125,100,42,101,80,102,113,HATFIELD_STOCKS
12900,94,25,93,29,92,50,95,23,96,33,97,40,COLLINGWOOD_STOCKS
12900,193,34,192,43,191,40,195,29,196,43,197,43,CHADS_STOCKS
12900,87,21,86,27,85,53,89,17,90,31,91,43,JOHNS_STOCKS
12900,195,55,194,105,193,189,201,54,202,96,203,149,CASTLE_STOCKS
12900,139,36,138,85,137,123,140,43,141,79,142,155,CUTHS_STOCKS
13000,99,22,98,25,97,36,100,16,101,23,102,43,HATFIELD_STOCKS
13000,95,37,94,51,93,107,96,30,97,48,98,107,COLLINGWOOD_STOCKS
13000,194,29,193,44,192,67,195,29,196,44,197,57,CHADS_STOCKS
13000,89,19,88,31,87,44,90,15,91,28,92,43,JOHNS_STOCKS
13000,196,23,195,33,194,43,202,29,203,40,204,48,CASTLE_STOCKS
13000,141,26,140,42,139,55,142,30,143,42,144,54,CUTHS_STOCKS
13100,98,46,97,73,96,125,100,37,101,63,102,124,HATFIELD_STOCKS
13100,93,27,92,40,91,75,95,30,96,53,97,70,COLLINGWOOD_STOCKS
13100,192,12,191,14,190,22,194,12,195,14,196,19,CHADS_STOCKS
13100,90,14,89,25,88,37,91,11,92,20,93,39,JOHNS_STOCKS
13100,197,34,196,61,195,98,201,44,202,74,203,114,CASTLE_STOCKS
13100,140,23,139,43,138,56,142,21,143,30,144,65,CUTHS_STOCKS
13200,99,20,98,21,97,35,101,17,102,31,103,33,HATFIELD_STOCKS
13200,94,19,93,45,92,84,96,16,97,42,98,69,COLLINGWOOD_STOCKS
13200,192,28,191,53,190,60,194,35,195,43,196,72,CHADS_STOCKS
13200,90,20,89,24,88,43,91,19,92,25,93,41,JOHNS_STOCKS
13200,196,15,195,21,194,37,200,14,201,28,202,33,CASTLE_STOCKS
13200,140,29,139,37,138,58,142,23,143,37,144,46,CUTHS_STOCKS
13300,100,17,99,32,98,44,101,18,102,22,103,40,HATFIELD_STOCKS
13300,93,12,92,14,91,21,95,12,96,17,97,19,COLLINGWOOD_STOCKS
13300,192,24,191,27,190,35,194,22,195,29,196,31,CHADS_STOCKS
13300,92,35,91,76,90,133,93,33,94,58,95,145,JOHNS_STOCKS
13300,197,54,196,65,195,89,201,51,202,73,203,100,CASTLE_STOCKS
13300,140,24,139,40,138,59,141,24,142,29,143,46,CUTHS_STOCKS
13400,99,20,98,24,97,38,101,20,102,27,103,34,HATFIELD_STOCKS
13400,94,27,93,43,92,51,95,21,96,37,97,66,COLLINGWOOD_STOCKS
13400,196,14,195,23,194,42,197,13,198,24,199,43,CHADS_STOCKS
13400,89,48,88,80,87,147,90,43,91,77,92,124,JOHNS_STOCKS
13400,197,58,196,92,195,164,201,55,202,88,203,158,CASTLE_STOCKS
13400,140,51,139,79,138,108,141,48,142,74,143,104,CUTHS_STOCKS
13500,100,36,99,68,98,111,101,41,102,55,103,118,HATFIELD_STOCKS
13500,95,28,94,52,93,76,96,38,97,63,98,96,COLLINGWOOD_STOCKS
13500,194,21,193,30,192,62,195,22,196,35,197,63,CHADS_STOCKS
13500,87,37,86,47,85,98,89,30,90,62,91,104,JOHNS_STOCKS
13500,197,38,196,51,195,93,201,29,202,52,203,83,CASTLE_STOCKS
13500,139,14,138,14,137,20,141,13,142,20,143,20,CUTHS_STOCKS
13600,98,33,97,67,96,125,100,42,101,62,102,153,HATFIELD_STOCKS
13600,95,16,94,31,93,38,96,18,97,30,98,33,COLLINGWOOD_STOCKS
13600,192,23,191,51,190,80,193,22,194,39,195,70,CHADS_STOCKS
13600,87,30,86,59,85,92,88,33,89,47,90,81,JOHNS_STOCKS
13600,197,33,196,66,195,112,201,37,202,65,203,100,CASTLE_STOCKS
13600,138,27,137,41,136,61,140,25,141,52,142,67,CUTHS_STOCKS
13700,99,22,98,33,97,47,101,21,102,31,103,48,HATFIELD_STOCKS
13700,95,33,94,62,93,135,97,34,98,74,99,105,COLLINGWOOD_STOCKS
13700,194,13,193,22,192,34,195,10,196,25,197,44,CHADS_STOCKS
13700,85,52,84,82,83,189,87,36,88,101,89,175,JOHNS_STOCKS
13700,197,44,196,58,195,88,201,38,202,57,203,110,CASTLE_STOCKS
13700,139,41,138,99,137,133,140,48,141,77,142,157,CUTHS_STOCKS
13800,100,36,99,37,98,59,102,35,103,47,104,68,HATFIELD_STOCKS
13800,94,12,93,19,92,32,96,9,97,19,98,44,COLLINGWOOD_STOCKS
13800,196,10,195,19,194,47,197,12,198,20,199,48,CHADS_STOCKS
13800,86,26,85,49,84,81,87,25,88,41,89,100,JOHNS_STOCKS
13800,196,40,195,48,194,77,202,43,203,58,204,56,CASTLE_STOCKS
13800,138,12,137,12,136,20,140,12,141,13,142,20,CUTHS_STOCKS
13900,99,14,98,30,97,41,101,18,102,24,103,36,HATFIELD_STOCKS
13900,94,54,93,55,92,92,95,41,96,59,97,96,COLLINGWOOD_STOCKS
13900,196,13,195,14,194,18,198,11,199,15,200,25,CHADS_STOCKS
13900,85,22,84,46,83,47,87,30,88,42,89,53,JOHNS_STOCKS
13900,196,50,195,63,194,99,202,36,203,72,204,73,CASTLE_STOCKS
13900,140,28,139,57,138,87,141,27,142,61,143,116,CUTHS_STOCKS
14000,99,42,98,54,97,97,101,31,102,63,103,124,HATFIELD_STOCKS
14000,94,41,93,57,92,71,96,50,97,74,98,68,COLLINGWOOD_STOCKS
14000,195,29,194,39,193,82,196,25,197,42,198,78,CHADS_STOCKS
14000,88,51,87,78,86,198,89,47,90,102,91,190,JOHNS_STOCKS
14000,197,34,196,57,195,89,201,29,202,62,203,128,CASTLE_STOCKS
14000,138,34,137,67,136,102,139,44,140,56,141,121,CUTHS_STOCKS
14100,100,29,99,47,98,58,101,40,102,49,103,63,HATFIELD_STOCKS
14100,95,13,94,24,93,39,97,18,98,28,99,41,COLLINGWOOD_STOCKS
14100,197,9,196,17,195,33,198,9,199,24,200,36,CHADS_STOCKS
14100,88,29,87,39,86,38,89,28,90,37,91,46,JOHNS_STOCKS
14100,196,35,195,64,194,96,202,40,203,56,204,103,CASTLE_STOCKS
14100,138,38,137,53,136,98,139,38,140,70,141,135,CUTHS_STOCKS
14200,101,39,100,49,99,82,102,35,103,56,104,68,HATFIELD_STOCKS
14200,96,32,95,44,94,75,98,33,99,60,100,68,COLLINGWOOD_STOCKS
14200,197,16,196,32,195,60,198,15,199,26,200,65,CHADS_STOCKS
14200,87,15,86,27,85,70,89,15,90,33,91,76,JOHNS_STOCKS
14200,196,18,195,38,194,75,202,15,203,30,204,58,CASTLE_STOCKS
14200,137,46,136,67,135,98,139,42,140,59,141,90,CUTHS_STOCKS
14300,101,27,100,41,99,100,102,22,103,51,104,89,HATFIELD_STOCKS
14300,96,40,95,83,94,156,98,35,99,89,100,163,COLLINGWOOD_STOCKS
14300,196,38,195,101,194,212,197,42,198,85,199,144,CHADS_STOCKS
14300,86,19,85,26,84,24,88,18,89,26,90,34,JOHNS_STOCKS
14300,196,18,195,25,194,45,202,17,203,29,204,54,CASTLE_STOCKS
14300,138,39,137,46,136,70,140,38,141,54,142,55,CUTHS_STOCKS
14400,102,22,101,24,100,32,103,26,104,26,105,38,HATFIELD_STOCKS
14400,98,22,97,44,96,83,99,23,100,34,101,82,COLLINGWOOD_STOCKS
14400,196,22,195,34,194,81,198,23,199,35,200,58,CHADS_STOCKS
14400,87,42,86,70,85,89,88,40,89,63,90,121,JOHNS_STOCKS
14400,197,15,196,27,195,56,201,20,202,29,203,69,CASTLE_STOCKS
14400,139,34,138,53,137,75,141,31,142,44,143,58,CUTHS_STOCKS
14500,99,15,98,31,97,49,101,19,102,32,103,47,HATFIELD_STOCKS
14500,96,11,95,20,94,25,97,14,98,14,99,19,COLLINGWOOD_STOCKS
14500,196,49,195,75,194,119,198,43,199,68,200,129,CHADS_STOCKS
14500,87,11,86,21,85,32,88,8,89,16,90,42,JOHNS_STOCKS
14500,197,41,196,61,195,57,201,46,202,53,203,61,CASTLE_STOCKS
14500,140,48,139,54,138,94,141,41,142,54,143,73,CUTHS_STOCKS
14600,100,24,99,34,98,53,101,29,102,31,103,54,HATFIELD_STOCKS
14600,96,13,95,20,94,46,97,11,98,27,99,47,COLLINGWOOD_STOCKS
14600,195,17,194,48,193,65,197,18,198,49,199,92,CHADS_STOCKS
14600,87,32,86,35,85,62,89,28,90,31,91,45,JOHNS_STOCKS
14600,196,34,195,37,194,66,202,33,203,53,204,70,CASTLE_STOCKS
14600,141,39,140,69,139,116,142,30,143,54,144,94,CUTHS_STOCKS
14700,101,35,100,64,99,107,102,44,103,59,104,98,HATFIELD_STOCKS
14700,94,27,93,25,92,41,96,25,97,29,98,37,COLLINGWOOD_STOCKS
14700,194,13,193,36,192,54,196,16,197,33,198,72,CHADS_STOCKS
14700,87,47,86,53,85,104,89,45,90,68,91,96,JOHNS_STOCKS
14700,197,26,196,61,195,98,201,28,202,52,203,96,CASTLE_STOCKS
14700,139,49,138,78,137,122,141,41,142,87,143,126,CUTHS_STOCKS
14800,100,43,99,85,98,121,101,39,102,78,103,106,HATFIELD_STOCKS
14800,94,22,93,36,92,48,95,18,96,28,97,51,COLLINGWOOD_STOCKS
14800,195,33,194,59,193,110,196,40,197,71,198,97,CHADS_STOCKS
14800,88,10,87,16,86,28,89,8,90,15,91,27,JOHNS_STOCKS
14800,196,48,195,75,194,83,202,47,203,63,204,92,CASTLE_STOCKS
14800,138,43,137,69,136,59,140,52,141,60,142,74,CUTHS_STOCKS
14900,98,46,97,71,96,113,100,51,101,64,102,96,HATFIELD_STOCKS
14900,93,29,92,40,91,50,95,22,96,39,97,47,COLLINGWOOD_STOCKS
14900,196,26,195,34,194,31,198,27,199,29,200,42,CHADS_STOCKS
14900,87,58,86,99,85,178,88,56,89,102,90,138,JOHNS_STOCKS
14900,198,34,197,48,196,77,202,33,203,44,204,55,CASTLE_STOCKS
14900,139,12,138,19,137,45,141,11,142,21,143,47,CUTHS_STOCKS
15000,99,46,98,63,97,131,100,42,101,67,102,126,HATFIELD_STOCKS
15000,94,42,93,95,92,156,96,44,97,90,98,142,COLLINGWOOD_STOCKS
15000,195,13,194,20,193,32,197,15,198,18,199,38,CHADS_STOCKS
15000,86,28,85,41,84,48,87,24,88,32,89,43,JOHNS_STOCKS
15000,197,17,196,33,195,40,203,24,204,24,205,36,CASTLE_STOCKS
15000,139,37,138,69,137,136,140,36,141,85,142,95,CUTHS_STOCKS
15100,99,40,98,73,97,137,100,55,101,106,102,188,HATFIELD_STOCKS
15100,95,11,94,19,93,36,96,12,97,19,98,33,COLLINGWOOD_STOCKS
15100,195,55,194,69,193,148,196,41,197,70,198,106,CHADS_STOCKS
15100,86,15,85,25,84,36,87,12,88,21,89,32,JOHNS_STOCKS
15100,197,42,196,41,195,59,203,35,204,46,205,71,CASTLE_STOCKS
15100,138,38,137,46,136,57,139,29,140,34,141,46,CUTHS_STOCKS
15200,98,44,97,71,96,78,100,47,101,74,102,91,HATFIELD_STOCKS
15200,94,9,93,13,92,22,96,10,97,13,98,22,COLLINGWOOD_STOCKS
15200,193,16,192,21,191,33,195,16,196,20,197,37,CHADS_STOCKS
15200,87,22,86,26,85,42,88,27,89,35,90,47,JOHNS_STOCKS
15200,196,34,195,70,194,132,202,36,203,63,204,103,CASTLE_STOCKS
15200,137,16,136,20,135,43,139,17,140,29,141,32,CUTHS_STOCKS
15300,100,32,99,51,98,83,101,38,102,47,103,87,HATFIELD_STOCKS
15300,94,48,93,104,92,185,96,54,97,95,98,134,COLLINGWOOD_STOCKS
15300,196,50,195,76,194,174,197,41,198,81,199,135,CHADS_STOCKS
15300,85,32,84,43,83,83,87,27,88,41,89,81,JOHNS_STOCKS
15300,196,51,195,102,194,193,202,51,203,99,204,177,CASTLE_STOCKS
15300,139,39,138,60,137,119,140,38,141,60,142,122,CUTHS_STOCKS
15400,100,52,99,94,98,186,102,41,103,81,104,191,HATFIELD_STOCKS
15400,95,14,94,25,93,35,97,15,98,26,99,37,COLLINGWOOD_STOCKS
15400,196,33,195,50,194,86,197,34,198,57,199,86,CHADS_STOCKS
15400,85,13,84,21,83,25,86,14,87,19,88,25,JOHNS_STOCKS
15400,197,52,196,50,195,60,201,51,202,55,203,76,CASTLE_STOCKS
15400,138,14,137,22,136,48,139,14,140,22,141,45,CUTHS_STOCKS
15500,100,47,99,108,98,177,102,55,103,99,104,182,HATFIELD_STOCKS
15500,95,36,94,68,93,111,96,33,97,63,98,93,COLLINGWOOD_STOCKS
15500,194,40,193,81,192,153,195,44,196,70,197,149,CHADS_STOCKS
15500,84,44,83,73,82,92,85,42,86,79,87,103,JOHNS_STOCKS
15500,196,31,195,42,194,45,202,30,203,30,204,61,CASTLE_STOCKS
15500,139,35,138,50,137,54,140,40,141,45,142,60,CUTHS_STOCKS
15600,101,44,100,72,99,118,102,51,103,60,104,118,HATFIELD_STOCKS
15600,94,42,93,73,92,145,96,38,97,70,98,183,COLLINGWOOD_STOCKS
15600,192,9,191,18,190,21,193,9,194,13,195,22,CHADS_STOCKS
15600,82,31,81,50,80,89,83,27,84,60,85,89,JOHNS_STOCKS
15600,196,23,195,40,194,50,202,20,203,36,204,65,CASTLE_STOCKS
15600,138,19,137,23,136,47,139,17,140,32,141,45,CUTHS_STOCKS
15700,99,26,98,39,97,72,101,23,102,38,103,83,HATFIELD_STOCKS
15700,95,36,94,75,93,114,96,38,97,73,98,110,COLLINGWOOD_STOCKS
15700,195,35,194,48,193,132,196,34,197,53,198,95,CHADS_STOCKS
15700,80,40,79,47,78,58,82,40,83,58,84,55,JOHNS_STOCKS
15700,198,30,197,55,196,62,202,35,203,49,204,81,CASTLE_STOCKS
15700,137,44,136,71,135,113,139,50,140,70,141,110,CUTHS_STOCKS
15800,101,48,100,65,99,82,102,37,103,60,104,79,HATFIELD_STOCKS
15800,94,54,93,83,92,123,95,42,96,73,97,119,COLLINGWOOD_STOCKS
15800,195,21,194,27,193,53,196,20,197,30,198,47,CHADS_STOCKS
15800,80,10,79,14,78,31,81,8,82,16,83,27,JOHNS_STOCKS
15800,198,43,197,77,196,120,202,33,203,76,204,164,CASTLE_STOCKS
15800,138,52,137,84,136,187,139,45,140,78,141,167,CUTHS_STOCKS
15900,98,34,97,41,96,48,100,29,101,41,102,63,HATFIELD_STOCKS
15900,92,25,91,31,90,59,94,20,95,31,96,55,COLLINGWOOD_STOCKS
15900,195,17,194,29,193,43,196,18,197,31,198,33,CHADS_STOCKS
15900,78,29,77,60,76,98,79,33,80,56,81,98,JOHNS_STOCKS
15900,197,29,196,31,195,54,203,26,204,42,205,57,CASTLE_STOCKS
15900,137,16,136,22,135,40,139,12,140,28,141,35,CUTHS_STOCKS
16000,98,33,97,41,96,55,99,33,100,39,101,57,HATFIELD_STOCKS
16000,92,11,91,24,90,26,94,15,95,20,96,37,COLLINGWOOD_STOCKS
16000,193,44,192,53,191,49,195,45,196,39,197,61,CHADS_STOCKS
16000,78,42,77,71,76,113,79,38,80,68,81,103,JOHNS_STOCKS
16000,197,47,196,63,195,70,203,47,204,66,205,85,CASTLE_STOCKS
16000,139,10,138,25,137,34,140,11,141,20,142,40,CUTHS_STOCKS
16100,97,40,96,72,95,142,99,36,100,83,101,185,HATFIELD_STOCKS
16100,92,34,91,45,90,75,94,41,95,60,96,70,COLLINGWOOD_STOCKS
16100,191,15,190,26,189,64,193,14,194,33,195,75,CHADS_STOCKS
16100,77,51,76,82,75,124,79,36,80,60,81,110,JOHNS_STOCKS
16100,198,38,197,66,196,125,202,39,203,74,204,110,CASTLE_STOCKS
16100,138,18,137,25,136,29,140,20,141,22,142,35,CUTHS_STOCKS
16200,97,24,96,36,95,50,99,28,100,32,101,47,HATFIELD_STOCKS
16200,93,27,92,47,91,89,94,37,95,63,96,113,COLLINGWOOD_STOCKS
16200,190,34,189,60,188,65,191,32,192,58,193,75,CHADS_STOCKS
16200,78,8,77,22,76,43,79,10,80,19,81,50,JOHNS_STOCKS
16200,198,41,197,59,196,116,204,31,205,83,206,151,CASTLE_STOCKS
16200,137,9,136,16,135,23,139,10,140,13,141,20,CUTHS_STOCKS
16300,98,38,97,56,96,74,99,48,100,45,101,77,HATFIELD_STOCKS
16300,92,40,91,90,90,132,93,37,94,75,95,155,COLLINGWOOD_STOCKS
16300,189,43,188,69,187,139,191,52,192,92,193,169,CHADS_STOCKS
16300,77,44,76,70,75,180,79,48,80,73,81,171,JOHNS_STOCKS
16300,198,21,197,44,196,71,204,20,205,48,206,69,CASTLE_STOCKS
16300,138,40,137,43,136,80,139,33,140,47,141,64,CUTHS_STOCKS
16400,98,18,97,17,96,27,100,15,101,24,102,23,HATFIELD_STOCKS
16400,92,17,91,22,90,25,94,15,95,19,96,23,COLLINGWOOD_STOCKS
16400,188,26,187,58,186,115,190,32,191,58,192,126,CHADS_STOCKS
16400,80,28,79,51,78,84,81,31,82,40,83,86,JOHNS_STOCKS
16400,199,8,198,20,197,29,203,11,204,18,205,33,CASTLE_STOCKS
16400,136,26,135,30,134,54,138,22,139,39,140,45,CUTHS_STOCKS
16500,100,59,99,81,98,126,102,41,103,86,104,130,HATFIELD_STOCKS
16500,92,38,91,42,90,64,94,36,95,47,96,70,COLLINGWOOD_STOCKS
16500,188,45,187,74,186,164,190,38,191,71,192,142,CHADS_STOCKS
16500,80,29,79,46,78,64,81,27,82,36,83,65,JOHNS_STOCKS
16500,198,22,197,39,196,57,204,22,205,40,206,82,CASTLE_STOCKS
16500,136,27,135,42,134,49,138,35,139,46,140,66,CUTHS_STOCKS
16600,101,29,100,37,99,52,102,24,103,41,104,62,HATFIELD_STOCKS
16600,93,24,92,43,91,73,95,17,96,45,97,78,COLLINGWOOD_STOCKS
16600,188,37,187,76,186,102,189,33,190,73,191,115,CHADS_STOCKS
16600,78,25,77,43,76,86,79,28,80,55,81,94,JOHNS_STOCKS
16600,197,27,196,49,195,137,203,32,204,65,205,111,CASTLE_STOCKS
16600,136,13,135,20,134,51,138,12,139,20,140,35,CUTHS_STOCKS
16700,101,41,100,49,99,62,102,43,103,46,104,83,HATFIELD_STOCKS
16700,95,34,94,53,93,72,96,45,97,48,98,61,COLLINGWOOD_STOCKS
16700,188,35,187,42,186,47,189,31,190,52,191,68,CHADS_STOCKS
16700,80,16,79,22,78,32,81,16,82,23,83,31,JOHNS_STOCKS
16700,198,29,197,39,196,35,204,29,205,34,206,36,CASTLE_STOCKS
16700,136,35,135,45,134,97,138,28,139,53,140,74,CUTHS_STOCKS
16800,99,34,98,39,97,47,101,32,102,41,103,56,HATFIELD_STOCKS
16800,94,25,93,35,92,67,96,26,97,40,98,55,COLLINGWOOD_STOCKS
16800,188,55,187,52,186,72,189,53,190,58,191,91,CHADS_STOCKS
16800,84,14,83,21,82,37,85,16,86,26,87,26,JOHNS_STOCKS
16800,198,40,197,84,196,133,202,33,203,73,204,162,CASTLE_STOCKS
16800,136,36,135,62,134,67,138,35,139,54,140,86,CUTHS_STOCKS
16900,100,42,99,75,98,170,101,43,102,84,103,166,HATFIELD_STOCKS
16900,96,47,95,103,94,181,97,46,98,100,99,210,COLLINGWOOD_STOCKS
16900,188,26,187,61,186,116,189,27,190,51,191,88,CHADS_STOCKS
16900,85,12,84,21,83,29,86,12,87,15,88,30,JOHNS_STOCKS
16900,197,22,196,40,195,83,203,23,204,44,205,71,CASTLE_STOCKS
16900,136,55,135,67,134,98,138,41,139,81,140,85,CUTHS_STOCKS
17000,99,25,98,62,97,105,101,25,102,57,103,97,HATFIELD_STOCKS
17000,94,47,93,62,92,84,96,51,97,63,98,76,COLLINGWOOD_STOCKS
17000,186,43,185,61,184,85,188,45,189,68,190,73,CHADS_STOCKS
17000,85,22,84,47,83,58,86,23,87,42,88,79,JOHNS_STOCKS
17000,198,18,197,29,196,64,202,21,203,38,204,72,CASTLE_STOCKS
17000,136,30,135,47,134,81,138,31,139,60,140,84,CUTHS_STOCKS
17100,99,13,98,21,97,39,101,12,102,21,103,51,HATFIELD_STOCKS
17100,94,35,93,54,92,64,96,35,97,41,98,58,COLLINGWOOD_STOCKS
17100,186,10,185,16,184,27,188,10,189,18,190,31,CHADS_STOCKS
17100,84,45,83,74,82,118,86,55,87,64,88,101,JOHNS_STOCKS
17100,198,40,197,57,196,111,204,35,205,79,206,123,CASTLE_STOCKS
17100,137,45,136,91,135,165,139,42,140,68,141,143,CUTHS_STOCKS
17200,98,11,97,12,96,17,100,8,101,15,102,21,HATFIELD_STOCKS
17200,95,35,94,54,93,78,96,40,97,66,98,75,COLLINGWOOD_STOCKS
17200,187,30,186,56,185,151,188,44,189,68,190,154,CHADS_STOCKS
17200,84,25,83,41,82,102,86,30,87,41,88,77,JOHNS_STOCKS
17200,197,49,196,57,195,84,203,45,204,76,205,104,CASTLE_STOCKS
17200,139,16,138,25,137,48,140,15,141,24,142,43,CUTHS_STOCKS
17300,99,15,98,39,97,83,100,17,101,38,102,80,HATFIELD_STOCKS
17300,96,43,95,84,94,132,97,45,98,76,99,115,COLLINGWOOD_STOCKS
17300,184,42,183,44,182,65,186,38,187,50,188,66,CHADS_STOCKS
17300,86,31,85,55,84,91,88,28,89,52,90,80,JOHNS_STOCKS
17300,198,20,197,43,196,56,202,17,203,37,204,75,CASTLE_STOCKS
17300,138,41,137,39,136,56,140,32,141,48,142,43,CUTHS_STOCKS
17400,97,32,96,50,95,132,99,37,100,60,101,105,HATFIELD_STOCKS
17400,94,22,93,39,92,59,96,25,97,46,98,86,COLLINGWOOD_STOCKS
17400,183,10,182,26,181,39,185,11,186,24,187,45,CHADS_STOCKS
17400,85,16,84,19,83,32,87,17,88,17,89,25,JOHNS_STOCKS
17400,197,26,196,34,195,51,203,19,204,28,205,61,CASTLE_STOCKS
17400,139,32,138,58,137,68,140,42,141,49,142,90,CUTHS_STOCKS
17500,98,51,97,50,96,69,100,47,101,49,102,85,HATFIELD_STOCKS
17500,95,11,94,21,93,43,96,8,97,19,98,42,COLLINGWOOD_STOCKS
17500,184,35,183,52,182,59,186,24,187,52,188,75,CHADS_STOCKS
17500,86,27,85,36,84,73,88,26,89,38,90,88,JOHNS_STOCKS
17500,197,30,196,36,195,45,203,25,204,35,205,37,CASTLE_STOCKS
17500,139,25,138,42,137,69,140,33,141,42,142,64,CUTHS_STOCKS
17600,97,35,96,52,95,80,99,33,100,44,101,86,HATFIELD_STOCKS
17600,94,23,93,29,92,47,95,17,96,23,97,32,COLLINGWOOD_STOCKS
17600,185,30,184,49,183,47,186,40,187,36,188,52,CHADS_STOCKS
17600,84,19,83,38,82,49,86,24,87,35,88,59,JOHNS_STOCKS
17600,197,37,196,38,195,75,203,37,204,43,205,66,CASTLE_STOCKS
17600,138,42,137,75,136,140,140,41,141,83,142,110,CUTHS_STOCKS
17700,99,28,98,34,97,54,100,24,101,34,102,44,HATFIELD_STOCKS
17700,94,24,93,39,92,76,95,21,96,49,97,87,COLLINGWOOD_STOCKS
17700,184,12,183,15,182,19,186,10,187,13,188,17,CHADS_STOCKS
17700,83,15,82,21,81,24,84,14,85,18,86,20,JOHNS_STOCKS
17700,198,26,197,34,196,34,204,28,205,27,206,46,CASTLE_STOCKS
17700,139,38,138,61,137,81,141,45,142,62,143,79,CUTHS_STOCKS
17800,98,11,97,29,96,50,100,12,101,29,102,48,HATFIELD_STOCKS
17800,95,30,94,36,93,76,96,28,97,41,98,72,COLLINGWOOD_STOCKS
17800,183,29,182,56,181,98,185,30,186,51,187,115,CHADS_STOCKS
17800,83,35,82,85,81,164,84,48,85,74,86,165,JOHNS_STOCKS
17800,198,41,197,60,196,110,202,41,203,65,204,100,CASTLE_STOCKS
17800,140,49,139,60,138,75,141,37,142,52,143,71,CUTHS_STOCKS
17900,99,33,98,86,97,128,101,42,102,82,103,189,HATFIELD_STOCKS
17900,97,36,96,67,95,121,98,30,99,72,100,116,COLLINGWOOD_STOCKS
17900,182,16,181,23,180,26,184,14,185,19,186,38,CHADS_STOCKS
17900,81,38,80,65,79,75,82,47,83,50,84,95,JOHNS_STOCKS
17900,197,45,196,69,195,145,203,37,204,70,205,128,CASTLE_STOCKS
17900,139,10,138,21,137,28,141,12,142,18,143,32,CUTHS_STOCKS
18000,100,16,99,38,98,50,101,13,102,26,103,59,HATFIELD_STOCKS
18000,98,24,97,35,96,44,99,21,100,35,101,57,COLLINGWOOD_STOCKS
18000,182,24,181,42,180,62,184,31,185,48,186,73,CHADS_STOCKS
18000,80,29,79,36,78,57,81,24,82,50,83,51,JOHNS_STOCKS
18000,197,34,196,53,195,105,201,34,202,56,203,94,CASTLE_STOCKS
18000,139,37,138,62,137,105,140,29,141,52,142,76,CUTHS_STOCKS
18100,99,16,98,33,97,50,101,20,102,37,103,58,HATFIELD_STOCKS
18100,97,13,96,19,95,27,98,13,99,17,100,36,COLLINGWOOD_STOCKS
18100,183,20,182,31,181,73,184,18,185,41,186,66,CHADS_STOCKS
18100,83,36,82,66,81,130,85,32,86,56,87,104,JOHNS_STOCKS
18100,197,44,196,61,195,87,201,37,202,61,203,125,CASTLE_STOCKS
18100,139,15,138,21,137,28,140,14,141,22,142,29,CUTHS_STOCKS
18200,99,33,98,43,97,82,101,26,102,43,103,95,HATFIELD_STOCKS
18200,98,44,97,59,96,79,100,47,101,53,102,101,COLLINGWOOD_STOCKS
18200,185,48,184,85,183,179,186,50,187,82,188,153,CHADS_STOCKS
18200,85,43,84,107,83,142,86,53,87,106,88,169,JOHNS_STOCKS
18200,195,30,194,52,193,107,201,28,202,59,203,146,CASTLE_STOCKS
18200,138,20,137,40,136,62,140,23,141,40,142,63,CUTHS_STOCKS
18300,99,16,98,22,97,47,101,12,102,28,103,36,HATFIELD_STOCKS
18300,97,32,96,39,95,58,99,31,100,47,101,70,COLLINGWOOD_STOCKS
18300,185,21,184,34,183,51,187,18,188,27,189,45,CHADS_STOCKS
18300,85,8,84,13,83,22,87,11,88,15,89,15,JOHNS_STOCKS
18300,196,29,195,37,194,67,200,35,201,45,202,51,CASTLE_STOCKS
18300,138,23,137,35,136,37,140,25,141,28,142,39,CUTHS_STOCKS
18400,101,37,100,55,99,112,102,38,103,54,104,110,HATFIELD_STOCKS
18400,98,51,97,61,96,76,100,40,101,51,102,60,COLLINGWOOD_STOCKS
18400,182,10,181,15,180,21,184,10,185,18,186,24,CHADS_STOCKS
18400,86,22,85,23,84,32,88,22,89,28,90,29,JOHNS_STOCKS
18400,195,58,194,68,193,92,201,57,202,68,203,83,CASTLE_STOCKS
18400,138,30,137,50,136,82,140,26,141,44,142,59,CUTHS_STOCKS
18500,100,37,99,67,98,91,102,35,103,73,104,135,HATFIELD_STOCKS
18500,97,23,96,48,95,92,99,23,100,40,101,91,COLLINGWOOD_STOCKS
18500,183,31,182,59,181,84,184,39,185,60,186,101,CHADS_STOCKS
18500,86,38,85,75,84,105,88,32,89,71,90,131,JOHNS_STOCKS
18500,195,36,194,69,193,98,201,32,202,64,203,108,CASTLE_STOCKS
18500,137,13,136,23,135,30,139,16,140,21,141,27,CUTHS_STOCKS
18600,101,12,100,24,99,47,103,17,104,32,105,57,HATFIELD_STOCKS
18600,98,22,97,24,96,57,99,16,100,33,101,55,COLLINGWOOD_STOCKS
18600,184,41,183,86,182,178,185,44,186,80,187,163,CHADS_STOCKS
18600,87,13,86,28,85,52,88,12,89,24,90,55,JOHNS_STOCKS
18600,196,34,195,69,194,131,200,25,201,59,202,124,CASTLE_STOCKS
18600,137,49,136,101,135,135,139,46,140,87,141,153,CUTHS_STOCKS
18700,101,45,100,46,99,77,103,33,104,49,105,86,HATFIELD_STOCKS
18700,98,14,97,29,96,44,99,12,100,25,101,38,COLLINGWOOD_STOCKS
18700,185,29,184,35,183,54,186,30,187,42,188,55,CHADS_STOCKS
18700,87,36,86,34,85,44,88,36,89,33,90,55,JOHNS_STOCKS
18700,196,39,195,57,194,119,200,39,201,69,202,113,CASTLE_STOCKS
18700,137,22,136,21,135,33,139,15,140,27,141,38,CUTHS_STOCKS
18800,101,54,100,52,99,66,103,53,104,52,105,61,HATFIELD_STOCKS
18800,98,15,97,24,96,42,99,17,100,31,101,54,COLLINGWOOD_STOCKS
18800,189,22,188,47,187,74,190,24,191,48,192,70,CHADS_STOCKS
18800,86,16,85,22,84,30,87,17,88,28,89,27,JOHNS_STOCKS
18800,196,24,195,42,194,97,200,25,201,56,202,108,CASTLE_STOCKS
18800,139,23,138,31,137,28,140,25,141,26,142,30,CUTHS_STOCKS
18900,102,37,101,52,100,80,103,29,104,52,105,94,HATFIELD_STOCKS
18900,99,19,98,35,97,64,100,20,101,40,102,66,COLLINGWOOD_STOCKS
18900,188,11,187,29,186,35,190,14,191,25,192,39,CHADS_STOCKS
18900,84,29,83,52,82,81,86,31,87,54,88,73,JOHNS_STOCKS
18900,196,36,195,72,194,130,200,36,201,55,202,149,CASTLE_STOCKS
18900,139,23,138,37,137,54,140,24,141,28,142,44,CUTHS_STOCKS
19000,101,23,100,52,99,86,103,25,104,51,105,74,HATFIELD_STOCKS
19000,100,23,99,30,98,50,101,19,102,27,103,41,COLLINGWOOD_STOCKS
19000,189,44,188,91,187,137,191,50,192,86,193,141,CHADS_STOCKS
19000,85,9,84,15,83,22,86,8,87,15,88,28,JOHNS_STOCKS
19000,196,10,195,20,194,39,200,11,201,20,202,35,CASTLE_STOCKS
19000,138,29,137,41,136,62,140,31,141,38,142,61,CUTHS_STOCKS
19100,102,43,101,55,100,81,103,44,104,55,105,68,HATFIELD_STOCKS
19100,100,11,99,13,98,23,101,12,102,13,103,20,COLLINGWOOD_STOCKS
19100,190,31,189,54,188,111,192,32,193,59,194,89,CHADS_STOCKS
19100,86,27,85,45,84,90,87,22,88,44,89,99,JOHNS_STOCKS
19100,196,30,195,66,194,85,200,32,201,54,202,93,CASTLE_STOCKS
19100,138,44,137,66,136,85,139,47,140,65,141,90,CUTHS_STOCKS
19200,103,42,102,62,101,140,105,35,106,69,107,121,HATFIELD_STOCKS
19200,101,30,100,50,99,83,102,30,103,49,104,108,COLLINGWOOD_STOCKS
19200,191,25,190,43,189,73,192,30,193,48,194,80,CHADS_STOCKS
19200,86,37,85,33,84,49,88,27,89,43,90,41,JOHNS_STOCKS
19200,196,24,195,39,194,61,202,25,203,39,204,45,CASTLE_STOCKS
19200,138,49,137,53,136,70,140,41,141,48,142,73,CUTHS_STOCKS
19300,104,51,103,81,102,148,105,50,106,68,107,153,HATFIELD_STOCKS
19300,100,29,99,52,98,98,102,30,103,48,104,108,COLLINGWOOD_STOCKS
19300,190,21,189,24,188,52,192,20,193,26,194,53,CHADS_STOCKS
19300,86,38,85,61,84,116,88,37,89,67,90,138,JOHNS_STOCKS
19300,197,24,196,37,195,63,201,21,202,45,203,62,CASTLE_STOCKS
19300,139,16,138,37,137,61,140,16,141,30,142,56,CUTHS_STOCKS
19400,104,37,103,53,102,61,106,42,107,45,108,50,HATFIELD_STOCKS
19400,102,30,101,33,100,43,103,32,104,47,105,61,COLLINGWOOD_STOCKS
19400,191,18,190,36,189,79,193,14,194,37,195,67,CHADS_STOCKS
19400,86,42,85,92,84,153,87,50,88,93,89,207,JOHNS_STOCKS
19400,196,16,195,34,194,69,200,19,201,25,202,59,CASTLE_STOCKS
19400,139,14,138,21,137,29,140,13,141,15,142,30,CUTHS_STOCKS
19500,105,26,104,53,103,80,106,32,107,45,108,67,HATFIELD_STOCKS
19500,101,12,100,12,99,18,102,15,103,17,104,15,COLLINGWOOD_STOCKS
19500,190,43,189,58,188,77,192,39,193,62,194,93,CHADS_STOCKS
19500,86,12,85,30,84,56,88,16,89,26,90,61,JOHNS_STOCKS
19500,195,27,194,43,193,79,201,32,202,44,203,63,CASTLE_STOCKS
19500,140,18,139,24,138,37,141,16,142,28,143,29,CUTHS_STOCKS
19600,104,15,103,24,102,26,106,13,107,20,108,21,HATFIELD_STOCKS
19600,101,36,100,49,99,87,102,48,103,45,104,81,COLLINGWOOD_STOCKS
19600,192,21,191,29,190,50,193,22,194,28,195,44,CHADS_STOCKS
19600,90,44,89,71,88,73,91,56,92,72,93,81,JOHNS_STOCKS
19600,195,29,194,30,193,47,201,28,202,38,203,40,CASTLE_STOCKS
19600,138,23,137,36,136,50,140,27,141,42,142,55,CUTHS_STOCKS
19700,105,42,104,44,103,72,107,36,108,58,109,74,HATFIELD_STOCKS
19700,101,23,100,33,99,79,103,18,104,36,105,73,COLLINGWOOD_STOCKS
19700,193,24,192,36,191,38,194,23,195,29,196,40,CHADS_STOCKS
19700,92,24,91,37,90,50,93,28,94,42,95,56,JOHNS_STOCKS
19700,197,38,196,64,195,86,201,43,202,64,203,96,CASTLE_STOCKS
19700,141,29,140,54,139,110,142,38,143,57,144,93,CUTHS_STOCKS
19800,104,40,103,75,102,105,106,39,107,73,108,88,HATFIELD_STOCKS
19800,102,25,101,28,100,31,103,23,104,31,105,38,COLLINGWOOD_STOCKS
19800,193,39,192,59,191,72,194,39,195,50,196,95,CHADS_STOCKS
19800,91,56,90,87,89,130,92,50,93,75,94,122,JOHNS_STOCKS
19800,196,18,195,38,194,47,200,17,201,28,202,53,CASTLE_STOCKS
19800,140,29,139,48,138,75,141,26,142,34,143,68,CUTHS_STOCKS
19900,105,23,104,45,103,64,106,26,107,49,108,62,HATFIELD_STOCKS
19900,102,21,101,27,100,56,103,21,104,34,105,51,COLLINGWOOD_STOCKS
19900,191,46,190,56,189,53,193,39,194,47,195,56,CHADS_STOCKS
19900,89,36,88,93,87,168,90,45,91,72,92,134,JOHNS_STOCKS
19900,196,19,195,20,194,29,200,17,201,22,202,36,CASTLE_STOCKS
19900,139,49,138,59,137,119,141,39,142,70,143,97,CUTHS_STOCKS
20000,105,41,104,55,103,96,106,48,107,71,108,88,HATFIELD_STOCKS
20000,100,14,99,18,98,22,101,12,102,17,103,21,COLLINGWOOD_STOCKS
20000,192,31,191,54,190,99,194,43,195,64,196,105,CHADS_STOCKS
20000,89,52,88,73,87,96,90,49,91,60,92,109,JOHNS_STOCKS
20000,194,26,193,50,192,74,200,25,201,52,202,62,CASTLE_STOCKS
20000,139,11,138,22,137,46,140,12,141,28,142,41,CUTHS_STOCKS
20100,104,21,103,35,102,58,106,22,107,44,108,79,HATFIELD_STOCKS
20100,100,10,99,15,98,28,102,11,103,17,104,22,COLLINGWOOD_STOCKS
20100,192,31,191,77,190,158,194,30,195,70,196,135,CHADS_STOCKS
20100,88,35,87,48,86,117,90,32,91,59,92,107,JOHNS_STOCKS
20100,195,40,194,50,193,89,199,40,200,66,201,109,CASTLE_STOCKS
20100,138,27,137,42,136,61,140,28,141,33,142,57,CUTHS_STOCKS
20200,103,19,102,32,101,29,105,20,106,28,107,34,HATFIELD_STOCKS
20200,100,32,99,67,98,91,102,31,103,52,104,105,COLLINGWOOD_STOCKS
20200,192,42,191,82,190,105,193,47,194,62,195,125,CHADS_STOCKS
20200,88,16,87,34,86,55,89,19,90,29,91,45,JOHNS_STOCKS
20200,194,49,193,58,192,85,200,45,201,66,202,88,CASTLE_STOCKS
20200,138,22,137,44,136,111,140,32,141,43,142,90,CUTHS_STOCKS
20300,103,11,102,15,101,31,105,10,106,22,107,40,HATFIELD_STOCKS
20300,100,11,99,21,98,44,102,12,103,20,104,34,COLLINGWOOD_STOCKS
20300,192,17,191,22,190,51,194,12,195,29,196,49,CHADS_STOCKS
20300,86,46,85,72,84,145,88,36,89,79,90,133,JOHNS_STOCKS
20300,194,35,193,54,192,93,200,27,201,43,202,101,CASTLE_STOCKS
20300,139,17,138,33,137,54,141,18,142,26,143,57,CUTHS_STOCKS
20400,104,45,103,46,102,63,105,41,106,43,107,66,HATFIELD_STOCKS
20400,100,37,99,70,98,109,101,39,102,58,103,111,COLLINGWOOD_STOCKS
20400,192,30,191,60,190,110,194,26,195,53,196,94,CHADS_STOCKS
20400,84,21,83,57,82,104,86,29,87,48,88,89,JOHNS_STOCKS
20400,194,17,193,37,192,45,200,21,201,31,202,56,CASTLE_STOCKS
20400,140,27,139,30,138,38,141,19,142,33,143,43,CUTHS_STOCKS
20500,104,55,103,90,102,177,105,49,106,80,107,133,HATFIELD_STOCKS
20500,98,25,97,46,96,62,100,26,101,34,102,56,COLLINGWOOD_STOCKS
20500,195,22,194,45,193,56,196,24,197,34,198,47,CHADS_STOCKS
20500,84,48,83,55,82,119,86,48,87,61,88,113,JOHNS_STOCKS
20500,196,30,195,43,194,73,200,27,201,46,202,77,CASTLE_STOCKS
20500,141,23,140,31,139,31,143,23,144,31,145,36,CUTHS_STOCKS
20600,103,44,102,66,101,133,105,44,106,66,107,154,HATFIELD_STOCKS
20600,99,17,98,33,97,62,100,24,101,31,102,48,COLLINGWOOD_STOCKS
20600,195,28,194,36,193,58,197,25,198,47,199,53,CHADS_STOCKS
20600,84,19,83,28,82,43,85,16,86,25,87,38,JOHNS_STOCKS
20600,195,43,194,81,193,189,199,52,200,89,201,143,CASTLE_STOCKS
20600,140,48,139,72,138,120,142,42,143,74,144,133,CUTHS_STOCKS
20700,105,23,104,41,103,49,106,20,107,30,108,57,HATFIELD_STOCKS
20700,99,39,98,79,97,141,100,46,101,91,102,160,COLLINGWOOD_STOCKS
20700,195,51,194,75,193,86,197,49,198,65,199,79,CHADS_STOCKS
20700,82,41,81,61,80,80,84,35,85,72,86,107,JOHNS_STOCKS
20700,194,26,193,61,192,86,200,25,201,46,202,70,CASTLE_STOCKS
20700,140,9,139,13,138,16,142,11,143,13,144,21,CUTHS_STOCKS
20800,105,23,104,33,103,79,106,19,107,35,108,53,HATFIELD_STOCKS
20800,100,23,99,35,98,83,101,18,102,49,103,80,COLLINGWOOD_STOCKS
20800,195,41,194,75,193,121,197,42,198,83,199,128,CHADS_STOCKS
20800,81,33,80,41,79,66,83,24,84,40,85,59,JOHNS_STOCKS
20800,195,31,194,62,193,129,199,42,200,63,201,116,CASTLE_STOCKS
20800,139,40,138,94,137,159,141,52,142,98,143,151,CUTHS_STOCKS
20900,103,26,102,51,101,77,105,26,106,51,107,77,HATFIELD_STOCKS
20900,98,16,97,27,96,31,100,18,101,22,102,33,COLLINGWOOD_STOCKS
20900,196,26,195,52,194,111,197,25,198,46,199,85,CHADS_STOCKS
20900,83,40,82,64,81,70,85,43,86,64,87,94,JOHNS_STOCKS
20900,195,13,194,29,193,41,199,13,200,26,201,36,CASTLE_STOCKS
20900,139,12,138,18,137,32,141,10,142,21,143,38,CUTHS_STOCKS
21000,105,47,104,59,103,58,106,36,107,46,108,62,HATFIELD_STOCKS
21000,100,41,99,62,98,156,102,31,103,65,104,154,COLLINGWOOD_STOCKS
21000,196,48,195,64,194,108,197,33,198,60,199,112,CHADS_STOCKS
21000,84,19,83,22,82,37,86,16,87,26,88,35,JOHNS_STOCKS
21000,195,31,194,47,193,41,199,26,200,35,201,47,CASTLE_STOCKS
21000,139,48,138,87,137,165,141,38,142,84,143,153,CUTHS_STOCKS
21100,104,22,103,37,102,58,105,22,106,39,107,70,HATFIELD_STOCKS
21100,99,17,98,23,97,27,101,17,102,23,103,35,COLLINGWOOD_STOCKS
21100,194,19,193,35,192,82,195,21,196,45,197,77,CHADS_STOCKS
21100,85,22,84,33,83,52,86,16,87,33,88,42,JOHNS_STOCKS
21100,196,43,195,70,194,62,200,39,201,49,202,69,CASTLE_STOCKS
21100,140,32,139,87,138,140,142,41,143,89,144,174,CUTHS_STOCKS
21200,105,28,104,68,103,95,106,24,107,66,108,141,HATFIELD_STOCKS
21200,100,35,99,64,98,111,101,36,102,86,103,121,COLLINGWOOD_STOCKS
21200,192,28,191,60,190,119,194,34,195,61,196,114,CHADS_STOCKS
21200,84,40,83,47,82,90,85,35,86,67,87,69,JOHNS_STOCKS
21200,194,10,193,19,192,27,200,9,201,15,202,22,CASTLE_STOCKS
21200,140,32,139,38,138,84,141,31,142,37,143,64,CUTHS_STOCKS
21300,105,31,104,41,103,86,106,27,107,53,108,87,HATFIELD_STOCKS
21300,100,40,99,44,98,86,102,33,103,52,104,71,COLLINGWOOD_STOCKS
21300,193,11,192,18,191,20,194,14,195,20,196,18,CHADS_STOCKS
21300,81,15,80,28,79,46,82,13,83,32,84,38,JOHNS_STOCKS
21300,195,36,194,97,193,203,201,44,202,73,203,148,CASTLE_STOCKS
21300,139,8,138,14,137,17,141,9,142,12,143,23,CUTHS_STOCKS
21400,105,8,104,12,103,29,106,8,107,16,108,28,HATFIELD_STOCKS
21400,99,22,98,28,97,31,101,21,102,30,103,25,COLLINGWOOD_STOCKS
21400,194,15,193,22,192,46,195,18,196,29,197,47,CHADS_STOCKS
21400,80,12,79,14,78,15,82,10,83,13,84,17,JOHNS_STOCKS
21400,196,21,195,31,194,40,200,22,201,26,202,39,CASTLE_STOCKS
21400,140,40,139,61,138,112,141,44,142,80,143,129,CUTHS_STOCKS
21500,105,13,104,17,103,38,107,13,108,22,109,26,HATFIELD_STOCKS
21500,101,18,100,20,99,37,102,15,103,23,104,27,COLLINGWOOD_STOCKS
21500,194,47,193,55,192,86,195,50,196,55,197,82,CHADS_STOCKS
21500,80,41,79,78,78,127,82,34,83,67,84,173,JOHNS_STOCKS
21500,195,45,194,70,193,96,199,42,200,59,201,110,CASTLE_STOCKS
21500,140,27,139,34,138,69,142,20,143,33,144,66,CUTHS_STOCKS
21600,107,35,106,74,105,157,108,43,109,79,110,113,HATFIELD_STOCKS
21600,102,15,101,26,100,46,103,16,104,25,105,49,COLLINGWOOD_STOCKS
21600,193,33,192,52,191,77,194,41,195,65,196,86,CHADS_STOCKS
21600,81,13,80,23,79,35,82,14,83,23,84,30,JOHNS_STOCKS
21600,195,29,194,47,193,80,201,24,202,39,203,66,CASTLE_STOCKS
21600,139,22,138,41,137,42,141,32,142,38,143,48,CUTHS_STOCKS
21700,106,53,105,79,104,108,107,54,108,92,109,133,HATFIELD_STOCKS
21700,101,12,100,15,99,20,103,12,104,15,105,16,COLLINGWOOD_STOCKS
21700,191,39,190,83,189,154,193,58,194,76,195,206,CHADS_STOCKS
21700,79,13,78,20,77,26,81,13,82,15,83,31,JOHNS_STOCKS
21700,194,27,193,27,192,41,200,26,201,36,202,44,CASTLE_STOCKS
21700,139,42,138,72,137,124,140,44,141,66,142,116,CUTHS_STOCKS
21800,106,14,105,23,104,46,108,14,109,29,110,43,HATFIELD_STOCKS
21800,102,14,101,22,100,44,103,15,104,25,105,46,COLLINGWOOD_STOCKS
21800,192,36,191,59,190,104,193,39,194,59,195,125,CHADS_STOCKS
21800,78,47,77,112,76,211,80,40,81,92,82,194,JOHNS_STOCKS
21800,195,30,194,47,193,99,199,23,200,51,201,112,CASTLE_STOCKS
21800,138,23,137,36,136,43,139,22,140,29,141,62,CUTHS_STOCKS
21900,106,30,105,45,104,97,108,28,109,46,110,81,HATFIELD_STOCKS
21900,102,42,101,46,100,70,103,43,104,56,105,55,COLLINGWOOD_STOCKS
21900,192,34,191,62,190,119,194,38,195,57,196,135,CHADS_STOCKS
21900,81,10,80,18,79,42,82,9,83,23,84,42,JOHNS_STOCKS
21900,194,31,193,74,192,125,200,41,201,58,202,104,CASTLE_STOCKS
21900,138,23,137,21,136,37,140,17,141,30,142,27,CUTHS_STOCKS
22000,108,23,107,27,106,38,109,26,110,21,111,35,HATFIELD_STOCKS
22000,102,30,101,55,100,80,103,30,104,38,105,75,COLLINGWOOD_STOCKS
22000,191,33,190,57,189,115,193,27,194,70,195,126,CHADS_STOCKS
22000,80,59,79,83,78,112,81,43,82,74,83,88,JOHNS_STOCKS
22000,194,26,193,44,192,49,200,30,201,34,202,58,CASTLE_STOCKS
22000,137,47,136,93,135,117,139,44,140,78,141,121,CUTHS_STOCKS
22100,108,21,107,39,106,81,109,28,110,37,111,68,HATFIELD_STOCKS
22100,101,33,100,42,99,49,102,31,103,36,104,49,COLLINGWOOD_STOCKS
22100,191,12,190,22,189,23,193,14,194,16,195,26,CHADS_STOCKS
22100,79,10,78,11,77,20,80,11,81,15,82,18,JOHNS_STOCKS
22100,195,36,194,66,193,64,199,36,200,48,201,87,CASTLE_STOCKS
22100,137,34,136,57,135,99,139,42,140,51,141,72,CUTHS_STOCKS
22200,108,19,107,26,106,38,110,23,111,28,112,41,HATFIELD_STOCKS
22200,102,43,101,90,100,126,104,41,105,70,106,142,COLLINGWOOD_STOCKS
22200,193,47,192,99,191,206,194,58,195,94,196,154,CHADS_STOCKS
22200,79,17,78,21,77,31,81,17,82,23,83,27,JOHNS_STOCKS
22200,195,19,194,25,193,40,199,20,200,28,201,37,CASTLE_STOCKS
22200,138,36,137,65,136,100,140,37,141,69,142,97,CUTHS_STOCKS
22300,109,31,108,62,107,77,110,41,111,49,112,78,HATFIELD_STOCKS
22300,103,22,102,25,101,37,104,22,105,32,106,36,COLLINGWOOD_STOCKS
22300,193,37,192,71,191,125,194,39,195,65,196,93,CHADS_STOCKS
22300,77,43,76,68,75,85,79,47,80,52,81,68,JOHNS_STOCKS
22300,195,12,194,22,193,24,199,12,200,19,201,34,CASTLE_STOCKS
22300,139,28,138,42,137,94,140,28,141,43,142,118,CUTHS_STOCKS
22400,109,53,108,76,107,77,111,42,112,69,113,86,HATFIELD_STOCKS
22400,103,16,102,26,101,51,104,19,105,35,106,60,COLLINGWOOD_STOCKS
22400,194,21,193,24,192,55,195,18,196,28,197,57,CHADS_STOCKS
22400,78,38,77,51,76,62,80,32,81,51,82,66,JOHNS_STOCKS
22400,195,44,194,63,193,76,199,40,200,63,201,78,CASTLE_STOCKS
22400,139,21,138,28,137,35,140,14,141,24,142,36,CUTHS_STOCKS
22500,109,22,108,36,107,55,111,23,112,43,113,63,HATFIELD_STOCKS
22500,103,30,102,57,101,74,104,40,105,43,106,66,COLLINGWOOD_STOCKS
22500,195,29,194,55,193,95,196,38,197,50,198,79,CHADS_STOCKS
22500,77,21,76,31,75,42,78,19,79,33,80,50,JOHNS_STOCKS
22500,194,23,193,48,192,104,200,21,201,49,202,93,CASTLE_STOCKS
22500,138,42,137,58,136,79,140,38,141,52,142,88,CUTHS_STOCKS
22600,110,43,109,59,108,83,112,42,113,71,114,91,HATFIELD_STOCKS
22600,103,26,102,55,101,93,105,35,106,66,107,112,COLLINGWOOD_STOCKS
22600,195,47,194,55,193,73,196,53,197,49,198,81,CHADS_STOCKS
22600,77,30,76,46,75,70,78,40,79,54,80,88,JOHNS_STOCKS
22600,195,17,194,33,193,63,199,17,200,31,201,48,CASTLE_STOCKS
22600,139,39,138,62,137,84,140,54,141,61,142,92,CUTHS_STOCKS
22700,109,47,108,64,107,84,110,40,111,53,112,87,HATFIELD_STOCKS
22700,104,41,103,56,102,82,105,30,106,43,107,61,COLLINGWOOD_STOCKS
22700,195,13,194,28,193,54,197,12,198,20,199,48,CHADS_STOCKS
22700,77,25,76,47,75,68,78,28,79,46,80,62,JOHNS_STOCKS
22700,194,57,193,110,192,220,200,40,201,101,202,171,CASTLE_STOCKS
22700,138,23,137,44,136,66,140,17,141,41,142,64,CUTHS_STOCKS
22800,108,35,107,61,106,74,110,42,111,60,112,70,HATFIELD_STOCKS
22800,102,18,101,31,100,48,104,13,105,28,106,57,COLLINGWOOD_STOCKS
22800,196,11,195,22,194,47,197,12,198,21,199,38,CHADS_STOCKS
22800,79,17,78,37,77,79,80,18,81,39,82,73,JOHNS_STOCKS
22800,195,14,194,28,193,27,199,18,200,23,201,34,CASTLE_STOCKS
22800,140,55,139,73,138,77,141,46,142,57,143,95,CUTHS_STOCKS
22900,109,35,108,47,107,95,110,36,111,53,112,84,HATFIELD_STOCKS
22900,102,31,101,56,100,99,104,29,105,52,106,93,COLLINGWOOD_STOCKS
22900,196,34,195,62,194,75,198,33,199,58,200,100,CHADS_STOCKS
22900,79,47,78,80,77,123,80,37,81,74,82,128,JOHNS_STOCKS
22900,194,26,193,42,192,55,200,33,201,36,202,42,CASTLE_STOCKS
22900,139,19,138,46,137,55,140,27,141,35,142,60,CUTHS_STOCKS
23000,108,12,107,19,106,21,110,14,111,21,112,21,HATFIELD_STOCKS
23000,103,34,102,65,101,109,105,26,106,59,107,85,COLLINGWOOD_STOCKS
23000,198,18,197,29,196,48,200,19,201,35,202,53,CHADS_STOCKS
23000,79,13,78,28,77,50,80,14,81,27,82,53,JOHNS_STOCKS
23000,195,24,194,32,193,48,199,26,200,39,201,36,CASTLE_STOCKS
23000,139,38,138,48,137,85,140,40,141,68,142,65,CUTHS_STOCKS
23100,108,23,107,49,106,82,110,23,111,40,112,70,HATFIELD_STOCKS
23100,105,34,104,59,103,127,106,34,107,59,108,109,COLLINGWOOD_STOCKS
23100,198,44,197,70,196,74,199,40,200,52,201,91,CHADS_STOCKS
23100,78,51,77,65,76,154,80,35,81,91,82,124,JOHNS_STOCKS
23100,195,26,194,27,193,39,199,24,200,25,201,39,CASTLE_STOCKS
23100,138,43,137,85,136,115,139,39,140,87,141,134,CUTHS_STOCKS
23200,109,9,108,11,107,19,110,8,111,16,112,18,HATFIELD_STOCKS
23200,104,13,103,19,102,28,106,8,107,15,108,20,COLLINGWOOD_STOCKS
23200,198,42,197,56,196,69,199,41,200,58,201,70,CHADS_STOCKS
23200,80,18,79,24,78,43,82,18,83,32,84,48,JOHNS_STOCKS
23200,194,42,193,82,192,161,200,52,201,83,202,152,CASTLE_STOCKS
23200,138,44,137,56,136,90,140,49,141,72,142,99,CUTHS_STOCKS
23300,109,22,108,35,107,37,111,27,112,32,113,41,HATFIELD_STOCKS
23300,105,23,104,38,103,83,106,20,107,40,108,63,COLLINGWOOD_STOCKS
23300,196,14,195,23,194,25,198,14,199,21,200,25,CHADS_STOCKS
23300,80,44,79,53,78,92,82,50,83,51,84,90,JOHNS_STOCKS
23300,195,40,194,67,193,85,199,40,200,53,201,88,CASTLE_STOCKS
23300,138,12,137,21,136,33,140,10,141,22,142,33,CUTHS_STOCKS
23400,109,13,108,28,107,46,111,13,112,27,113,43,HATFIELD_STOCKS
23400,104,42,103,50,102,95,105,46,106,60,107,97,COLLINGWOOD_STOCKS
23400,194,17,193,31,192,40,196,22,197,33,198,41,CHADS_STOCKS
23400,81,33,80,47,79,100,83,27,84,56,85,99,JOHNS_STOCKS
23400,195,11,194,20,193,29,199,10,200,21,201,28,CASTLE_STOCKS
23400,138,20,137,24,136,47,140,19,141,33,142,42,CUTHS_STOCKS
23500,109,39,108,64,107,69,110,41,111,64,112,95,HATFIELD_STOCKS
23500,104,40,103,83,102,163,105,39,106,70,107,156,COLLINGWOOD_STOCKS
23500,194,57,193,80,192,89,196,47,197,66,198,121,CHADS_STOCKS
23500,81,24,80,28,79,33,83,21,84,29,85,27,JOHNS_STOCKS
23500,195,36,194,57,193,128,199,41,200,60,201,117,CASTLE_STOCKS
23500,139,17,138,29,137,30,140,21,141,26,142,34,CUTHS_STOCKS
23600,107,36,106,48,105,118,109,31,110,62,111,104,HATFIELD_STOCKS
23600,103,30,102,44,101,77,104,37,105,38,106,68,COLLINGWOOD_STOCKS
23600,194,40,193,106,192,158,195,41,196,99,197,173,CHADS_STOCKS
23600,83,19,82,22,81,40,84,18,85,28,86,32,JOHNS_STOCKS
23600,194,38,193,66,192,79,200,45,201,56,202,77,CASTLE_STOCKS
23600,139,38,138,63,137,61,141,40,142,61,143,73,CUTHS_STOCKS
23700,106,36,105,61,104,117,108,47,109,59,110,120,HATFIELD_STOCKS
23700,102,35,101,37,100,47,104,24,105,37,106,51,COLLINGWOOD_STOCKS
23700,196,51,195,98,194,191,197,48,198,96,199,142,CHADS_STOCKS
23700,83,26,82,39,81,53,84,19,85,38,86,45,JOHNS_STOCKS
23700,194,57,193,73,192,107,200,39,201,63,202,95,CASTLE_STOCKS
23700,139,13,138,22,137,42,140,10,141,23,142,54,CUTHS_STOCKS
23800,107,31,106,47,105,47,108,33,109,36,110,65,HATFIELD_STOCKS
23800,102,28,101,48,100,59,104,36,105,48,106,57,COLLINGWOOD_STOCKS
23800,196,46,195,67,194,175,198,43,199,77,200,174,CHADS_STOCKS
23800,83,44,82,54,81,81,85,48,86,47,87,66,JOHNS_STOCKS
23800,194,19,193,25,192,40,200,23,201,34,202,40,CASTLE_STOCKS
23800,139,14,138,34,137,58,141,18,142,39,143,64,CUTHS_STOCKS
23900,105,26,104,45,103,92,106,25,107,45,108,73,HATFIELD_STOCKS
23900,101,44,100,50,99,73,103,46,104,44,105,91,COLLINGWOOD_STOCKS
23900,196,29,195,49,194,68,198,30,199,47,200,53,CHADS_STOCKS
23900,84,41,83,54,82,99,85,32,86,49,87,89,JOHNS_STOCKS
23900,194,18,193,34,192,48,200,19,201,27,202,64,CASTLE_STOCKS
23900,139,27,138,59,137,87,141,30,142,68,143,86,CUTHS_STOCKS
24000,106,28,105,41,104,71,107,23,108,43,109,61,HATFIELD_STOCKS
24000,103,15,102,25,101,55,104,15,105,25,106,43,COLLINGWOOD_STOCKS
24000,196,18,195,40,194,72,198,25,199,32,200,67,CHADS_STOCKS
24000,82,34,81,80,80,147,84,42,85,83,86,104,JOHNS_STOCKS
24000,194,31,193,46,192,48,200,21,201,36,202,51,CASTLE_STOCKS
24000,140,13,139,20,138,25,141,12,142,15,143,26,CUTHS_STOCKS
24100,106,41,105,82,104,107,108,46,109,90,110,151,HATFIELD_STOCKS
24100,102,44,101,68,100,92,103,37,104,57,105,119,COLLINGWOOD_STOCKS
24100,197,39,196,53,195,64,198,44,199,63,200,82,CHADS_STOCKS
24100,83,32,82,58,81,114,84,29,85,64,86,115,JOHNS_STOCKS
24100,194,35,193,47,192,109,200,26,201,59,202,115,CASTLE_STOCKS
24100,139,48,138,87,137,98,141,41,142,76,143,90,CUTHS_STOCKS
24200,107,16,106,29,105,45,108,14,109,26,110,56,HATFIELD_STOCKS
24200,103,41,102,51,101,98,104,51,105,59,106,85,COLLINGWOOD_STOCKS
24200,198,23,197,47,196,94,199,18,200,50,201,85,CHADS_STOCKS
24200,85,33,84,57,83,77,87,30,88,45,89,83,JOHNS_STOCKS
24200,194,15,193,19,192,29,200,16,201,18,202,28,CASTLE_STOCKS
24200,140,35,139,34,138,51,142,33,143,49,144,71,CUTHS_STOCKS
24300,106,51,105,87,104,139,107,59,108,91,109,134,HATFIELD_STOCKS
24300,102,31,101,46,100,53,103,28,104,41,105,69,COLLINGWOOD_STOCKS
24300,196,44,195,90,194,181,198,39,199,95,200,146,CHADS_STOCKS
24300,85,33,84,48,83,59,87,47,88,58,89,68,JOHNS_STOCKS
24300,195,57,194,100,193,157,199,40,200,101,201,152,CASTLE_STOCKS
24300,141,49,140,99,139,191,142,47,143,101,144,147,CUTHS_STOCKS
24400,106,23,105,37,104,62,107,24,108,46,109,69,HATFIELD_STOCKS
24400,103,28,102,47,101,91,104,28,105,58,106,79,COLLINGWOOD_STOCKS
24400,196,14,195,27,194,43,198,19,199,31,200,46,CHADS_STOCKS
24400,87,12,86,16,85,23,88,14,89,16,90,22,JOHNS_STOCKS
24400,195,45,194,39,193,51,199,32,200,40,201,59,CASTLE_STOCKS
24400,140,26,139,48,138,77,142,22,143,42,144,58,CUTHS_STOCKS
24500,104,14,103,20,102,29,106,13,107,18,108,32,HATFIELD_STOCKS
24500,104,17,103,27,102,26,105,21,106,26,107,31,COLLINGWOOD_STOCKS
24500,196,31,195,45,194,62,197,27,198,40,199,60,CHADS_STOCKS
24500,86,19,85,34,84,68,88,18,89,42,90,69,JOHNS_STOCKS
24500,195,23,194,40,193,76,199,25,200,40,201,74,CASTLE_STOCKS
24500,141,33,140,61,139,107,142,38,143,69,144,139,CUTHS_STOCKS
24600,105,13,104,22,103,26,107,13,108,16,109,26,HATFIELD_STOCKS
24600,103,40,102,55,101,101,104,38,105,67,106,100,COLLINGWOOD_STOCKS
24600,194,50,193,87,192,147,195,39,196,67,197,128,CHADS_STOCKS
24600,87,11,86,28,85,40,88,14,89,25,90,44,JOHNS_STOCKS
24600,194,38,193,47,192,67,200,44,201,46,202,53,CASTLE_STOCKS
24600,141,27,140,55,139,73,142,29,143,48,144,79,CUTHS_STOCKS
24700,106,43,105,67,104,127,108,35,109,71,110,130,HATFIELD_STOCKS
24700,102,28,101,38,100,65,103,24,104,37,105,60,COLLINGWOOD_STOCKS
24700,196,36,195,71,194,106,197,30,198,56,199,118,CHADS_STOCKS
24700,87,15,86,36,85,69,88,15,89,37,90,77,JOHNS_STOCKS
24700,194,26,193,45,192,120,200,29,201,44,202,89,CASTLE_STOCKS
24700,141,22,140,29,139,36,143,16,144,31,145,38,CUTHS_STOCKS
24800,108,26,107,39,106,50,109,32,110,29,111,40,HATFIELD_STOCKS
24800,102,27,101,65,100,101,103,29,104,72,105,103,COLLINGWOOD_STOCKS
24800,196,13,195,15,194,16,197,10,198,13,199,15,CHADS_STOCKS
24800,88,23,87,55,86,122,89,31,90,54,91,103,JOHNS_STOCKS
24800,194,13,193,16,192,20,200,11,201,18,202,19,CASTLE_STOCKS
24800,141,42,140,68,139,84,143,44,144,67,145,94,CUTHS_STOCKS
24900,107,45,106,96,105,172,109,55,110,86,111,171,HATFIELD_STOCKS
24900,102,36,101,76,100,141,104,42,105,78,106,142,COLLINGWOOD_STOCKS
24900,195,52,194,55,193,72,196,41,197,58,198,64,CHADS_STOCKS
24900,84,33,83,48,82,72,86,30,87,39,88,64,JOHNS_STOCKS
24900,195,42,194,88,193,126,199,51,200,78,201,162,CASTLE_STOCKS
24900,141,38,140,78,139,182,143,43,144,78,145,175,CUTHS_STOCKS
25000,108,43,107,68,106,103,110,50,111,69,112,127,HATFIELD_STOCKS
25000,103,34,102,64,101,116,105,34,106,53,107,115,COLLINGWOOD_STOCKS
25000,196,11,195,21,194,61,197,14,198,28,199,55,CHADS_STOCKS
25000,85,48,84,54,83,78,86,47,87,61,88,74,JOHNS_STOCKS
25000,196,38,195,77,194,112,200,36,201,75,202,94,CASTLE_STOCKS
25000,143,10,142,15,141,29,144,8,145,16,146,28,CUTHS_STOCKS
25100,110,22,109,26,108,38,111,16,112,32,113,31,HATFIELD_STOCKS
25100,103,33,102,55,101,84,105,32,106,48,107,88,COLLINGWOOD_STOCKS
25100,196,32,195,52,194,119,198,29,199,55,200,113,CHADS_STOCKS
25100,81,12,80,16,79,22,83,10,84,17,85,23,JOHNS_STOCKS
25100,195,38,194,48,193,78,201,35,202,45,203,75,CASTLE_STOCKS
25100,142,20,141,29,140,57,144,17,145,36,146,59,CUTHS_STOCKS
25200,110,26,109,48,108,56,112,32,113,51,114,70,HATFIELD_STOCKS
25200,104,20,103,27,102,47,105,18,106,24,107,37,COLLINGWOOD_STOCKS
25200,199,37,198,69,197,139,200,44,201,84,202,128,CHADS_STOCKS
25200,84,30,83,65,82,115,85,29,86,67,87,116,JOHNS_STOCKS
25200,195,44,194,52,193,97,201,44,202,69,203,115,CASTLE_STOCKS
25200,143,25,142,42,141,59,144,25,145,48,146,77,CUTHS_STOCKS
25300,110,16,109,27,108,45,112,18,113,30,114,39,HATFIELD_STOCKS
25300,105,31,104,48,103,47,106,36,107,33,108,58,COLLINGWOOD_STOCKS
25300,195,11,194,14,193,20,196,10,197,14,198,20,CHADS_STOCKS
25300,84,21,83,36,82,57,85,17,86,35,87,53,JOHNS_STOCKS
25300,196,39,195,74,194,86,200,42,201,64,202,76,CASTLE_STOCKS
25300,140,24,139,40,138,94,142,24,143,52,144,76,CUTHS_STOCKS
25400,109,23,108,46,107,91,110,30,111,40,112,76,HATFIELD_STOCKS
25400,103,56,102,72,101,198,105,47,106,89,107,171,COLLINGWOOD_STOCKS
25400,195,21,194,37,193,59,196,23,197,37,198,48,CHADS_STOCKS
25400,82,32,81,45,80,48,84,27,85,38,86,52,JOHNS_STOCKS
25400,196,28,195,41,194,80,200,31,201,55,202,76,CASTLE_STOCKS
25400,140,30,139,73,138,145,141,41,142,58,143,120,CUTHS_STOCKS
25500,109,22,108,41,107,76,110,24,111,43,112,81,HATFIELD_STOCKS
25500,102,55,101,59,100,118,104,49,105,73,106,115,COLLINGWOOD_STOCKS
25500,195,37,194,58,193,74,197,44,198,51,199,68,CHADS_STOCKS
25500,82,27,81,47,80,93,84,32,85,44,86,85,JOHNS_STOCKS
25500,195,11,194,17,193,22,199,11,200,13,201,19,CASTLE_STOCKS
25500,139,12,138,14,137,22,140,12,141,12,142,17,CUTHS_STOCKS
25600,108,20,107,48,106,93,109,21,110,44,111,85,HATFIELD_STOCKS
25600,103,22,102,37,101,76,105,20,106,36,107,66,COLLINGWOOD_STOCKS
25600,196,24,195,56,194,76,197,33,198,54,199,77,CHADS_STOCKS
25600,81,27,80,36,79,49,83,30,84,33,85,47,JOHNS_STOCKS
25600,193,19,192,26,191,33,199,15,200,20,201,35,CASTLE_STOCKS
25600,138,9,137,11,136,17,140,8,141,11,142,18,CUTHS_STOCKS
25700,107,43,106,76,105,100,109,48,110,78,111,119,HATFIELD_STOCKS
25700,104,19,103,28,102,42,105,17,106,31,107,50,COLLINGWOOD_STOCKS
25700,197,25,196,33,195,44,198,23,199,39,200,52,CHADS_STOCKS
25700,81,52,80,52,79,73,83,58,84,72,85,64,JOHNS_STOCKS
25700,194,26,193,43,192,83,198,26,199,33,200,65,CASTLE_STOCKS
25700,139,19,138,26,137,40,141,18,142,32,143,40,CUTHS_STOCKS
25800,108,25,107,27,106,50,110,19,111,30,112,52,HATFIELD_STOCKS
25800,104,13,103,23,102,40,106,17,107,28,108,32,COLLINGWOOD_STOCKS
25800,194,40,193,53,192,69,196,36,197,57,198,84,CHADS_STOCKS
25800,82,16,81,20,80,21,83,12,84,22,85,28,JOHNS_STOCKS
25800,194,10,193,14,192,35,198,8,199,19,200,29,CASTLE_STOCKS
25800,140,23,139,51,138,60,141,33,142,51,143,68,CUTHS_STOCKS
25900,108,54,107,89,106,142,110,43,111,79,112,146,HATFIELD_STOCKS
25900,105,35,104,95,103,150,106,41,107,100,108,163,COLLINGWOOD_STOCKS
25900,194,22,193,33,192,79,195,23,196,45,197,64,CHADS_STOCKS
25900,84,43,83,80,82,120,86,35,87,64,88,136,JOHNS_STOCKS
25900,194,29,193,41,192,71,198,27,199,38,200,64,CASTLE_STOCKS
25900,140,26,139,51,138,67,141,33,142,52,143,68,CUTHS_STOCKS
26000,109,33,108,35,107,50,110,31,111,43,112,48,HATFIELD_STOCKS
26000,105,14,104,23,103,32,106,16,107,24,108,35,COLLINGWOOD_STOCKS
26000,191,23,190,27,189,32,192,20,193,30,194,36,CHADS_STOCKS
26000,84,13,83,17,82,25,85,13,86,17,87,33,JOHNS_STOCKS
26000,193,32,192,55,191,114,199,28,200,61,201,103,CASTLE_STOCKS
26000,139,31,138,32,137,51,140,37,141,35,142,48,CUTHS_STOCKS
26100,109,20,108,29,107,25,111,19,112,26,113,30,HATFIELD_STOCKS
26100,106,32,105,53,104,58,107,44,108,56,109,64,COLLINGWOOD_STOCKS
26100,192,12,191,16,190,20,194,11,195,18,196,23,CHADS_STOCKS
26100,84,30,83,51,82,118,85,27,86,46,87,91,JOHNS_STOCKS
26100,194,41,193,86,192,150,198,36,199,91,200,167,CASTLE_STOCKS
26100,139,38,138,83,137,135,140,35,141,64,142,138,CUTHS_STOCKS
26200,111,42,110,71,109,74,112,53,113,52,114,68,HATFIELD_STOCKS
26200,107,35,106,71,105,99,108,45,109,66,110,117,COLLINGWOOD_STOCKS
26200,193,36,192,53,191,124,194,33,195,60,196,134,CHADS_STOCKS
26200,83,14,82,19,81,28,84,12,85,21,86,31,JOHNS_STOCKS
26200,194,15,193,22,192,52,198,16,199,30,200,50,CASTLE_STOCKS
26200,139,47,138,75,137,144,140,37,141,83,142,157,CUTHS_STOCKS
26300,109,32,108,47,107,92,111,33,112,58,113,94,HATFIELD_STOCKS
26300,107,30,106,47,105,81,109,30,110,51,111,73,COLLINGWOOD_STOCKS
26300,191,43,190,52,189,65,193,59,194,60,195,85,CHADS_STOCKS
26300,83,39,82,52,81,78,84,33,85,59,86,92,JOHNS_STOCKS
26300,194,41,193,65,192,146,198,33,199,63,200,152,CASTLE_STOCKS
26300,138,35,137,75,136,109,140,39,141,87,142,133,CUTHS_STOCKS
26400,110,31,109,33,108,53,111,29,112,32,113,48,HATFIELD_STOCKS
26400,108,10,107,15,106,14,109,13,110,11,111,16,COLLINGWOOD_STOCKS
26400,191,21,190,44,189,90,193,21,194,53,195,85,CHADS_STOCKS
26400,81,16,80,15,79,23,83,11,84,14,85,23,JOHNS_STOCKS
26400,193,15,192,26,191,59,197,17,198,35,199,44,CASTLE_STOCKS
26400,138,38,137,52,136,86,140,36,141,44,142,87,CUTHS_STOCKS
26500,110,13,109,23,108,50,111,16,112,22,113,54,HATFIELD_STOCKS
26500,106,40,105,67,104,145,108,40,109,71,110,144,COLLINGWOOD_STOCKS
26500,194,15,193,37,192,50,195,20,196,31,197,54,CHADS_STOCKS
26500,81,23,80,34,79,51,83,18,84,29,85,56,JOHNS_STOCKS
26500,194,26,193,53,192,95,198,24,199,51,200,104,CASTLE_STOCKS
26500,140,34,139,48,138,64,141,32,142,38,143,55,CUTHS_STOCKS
26600,110,37,109,53,108,53,112,35,113,40,114,59,HATFIELD_STOCKS
26600,105,35,104,70,103,131,107,41,108,55,109,135,COLLINGWOOD_STOCKS
26600,190,34,189,66,188,92,192,39,193,60,194,114,CHADS_STOCKS
26600,81,35,80,36,79,41,83,33,84,39,85,51,JOHNS_STOCKS
26600,194,36,193,43,192,55,198,36,199,39,200,67,CASTLE_STOCKS
26600,140,25,139,42,138,60,141,29,142,49,143,66,CUTHS_STOCKS
26700,110,38,109,60,108,73,112,35,113,62,114,101,HATFIELD_STOCKS
26700,104,23,103,32,102,63,106,22,107,31,108,70,COLLINGWOOD_STOCKS
26700,192,47,191,64,190,85,193,48,194,55,195,102,CHADS_STOCKS
26700,82,38,81,67,80,162,83,41,84,84,85,147,JOHNS_STOCKS
26700,193,28,192,32,191,56,199,25,200,35,201,54,CASTLE_STOCKS
26700,140,49,139,56,138,80,141,53,142,54,143,82,CUTHS_STOCKS
26800,112,18,111,28,110,69,113,16,114,36,115,52,HATFIELD_STOCKS
26800,104,41,103,46,102,83,106,38,107,61,108,70,COLLINGWOOD_STOCKS
26800,192,40,191,72,190,115,194,33,195,55,196,115,CHADS_STOCKS
26800,81,36,80,71,79,115,83,39,84,84,85,134,JOHNS_STOCKS
26800,193,25,192,38,191,74,199,20,200,50,201,84,CASTLE_STOCKS
26800,138,42,137,75,136,97,140,48,141,54,142,95,CUTHS_STOCKS
26900,113,11,112,19,111,35,114,10,115,18,116,29,HATFIELD_STOCKS
26900,105,13,104,18,103,26,107,12,108,20,109,20,COLLINGWOOD_STOCKS
26900,192,17,191,16,190,33,194,14,195,16,196,32,CHADS_STOCKS
26900,82,38,81,77,80,149,83,46,84,82,85,188,JOHNS_STOCKS
26900,193,36,192,69,191,95,199,36,200,54,201,85,CASTLE_STOCKS
26900,138,44,137,79,136,96,140,52,141,73,142,112,CUTHS_STOCKS
27000,112,36,111,69,110,97,113,46,114,54,115,75,HATFIELD_STOCKS
27000,103,12,102,19,101,34,105,13,106,21,107,23,COLLINGWOOD_STOCKS
27000,193,15,192,16,191,29,194,13,195,20,196,23,CHADS_STOCKS
27000,81,20,80,49,79,75,83,27,84,49,85,100,JOHNS_STOCKS
27000,194,43,193,50,192,95,198,42,199,59,200,87,CASTLE_STOCKS
27000,138,35,137,56,136,75,139,50,140,52,141,64,CUTHS_STOCKS
