bid_price_1,bid_volume_1,ask_price_1,ask_volume_1,product,timestamp
97,2,93,1,HATFIELD_STOCKS,100
92,0,88,0,COLLINGWOOD_STOCKS,100
211,0,209,0,CHADS_STOCKS,100
102,3,98,4,JOHNS_STOCKS,100
203,8,197,5,CASTLE_STOCKS,100
152,1,148,0,CUTHS_STOCKS,100
97,0,93,0,HATFIELD_STOCKS,200
92,2,88,2,COLLINGWOOD_STOCKS,200
209,1,207,0,CHADS_STOCKS,200
101,0,97,0,JOHNS_STOCKS,200
203,0,197,0,CASTLE_STOCKS,200
151,0,147,0,CUTHS_STOCKS,200
96,3,92,0,HATFIELD_STOCKS,300
93,0,89,0,COLLINGWOOD_STOCKS,300
212,1,208,0,CHADS_STOCKS,300
99,1,97,0,JOHNS_STOCKS,300
203,0,197,12,CASTLE_STOCKS,300
151,1,147,1,CUTHS_STOCKS,300
96,2,94,3,HATFIELD_STOCKS,400
93,0,89,0,COLLINGWOOD_STOCKS,400
213,1,209,1,CHADS_STOCKS,400
98,3,96,2,JOHNS_STOCKS,400
204,5,196,4,CASTLE_STOCKS,400
152,2,148,3,CUTHS_STOCKS,400
96,0,94,0,HATFIELD_STOCKS,500
93,1,89,1,COLLINGWOOD_STOCKS,500
213,0,211,0,CHADS_STOCKS,500
98,1,96,1,JOHNS_STOCKS,500
204,4,196,3,CASTLE_STOCKS,500
153,0,149,0,CUTHS_STOCKS,500
96,0,94,0,HATFIELD_STOCKS,600
92,2,90,0,COLLINGWOOD_STOCKS,600
214,2,212,2,CHADS_STOCKS,600
97,4,95,2,JOHNS_STOCKS,600
203,12,197,2,CASTLE_STOCKS,600
152,3,148,3,CUTHS_STOCKS,600
98,0,94,0,HATFIELD_STOCKS,700
92,0,88,0,COLLINGWOOD_STOCKS,700
215,0,213,0,CHADS_STOCKS,700
97,0,93,1,JOHNS_STOCKS,700
202,9,196,7,CASTLE_STOCKS,700
152,4,148,2,CUTHS_STOCKS,700
98,3,94,2,HATFIELD_STOCKS,800
92,0,88,0,COLLINGWOOD_STOCKS,800
216,0,214,0,CHADS_STOCKS,800
95,0,91,0,JOHNS_STOCKS,800
203,7,195,1,CASTLE_STOCKS,800
150,0,148,0,CUTHS_STOCKS,800
99,0,95,0,HATFIELD_STOCKS,900
92,0,88,0,COLLINGWOOD_STOCKS,900
217,2,215,1,CHADS_STOCKS,900
96,0,92,0,JOHNS_STOCKS,900
203,0,195,3,CASTLE_STOCKS,900
150,2,148,0,CUTHS_STOCKS,900
98,1,96,0,HATFIELD_STOCKS,1000
93,0,89,1,COLLINGWOOD_STOCKS,1000
217,0,213,0,CHADS_STOCKS,1000
96,0,92,0,JOHNS_STOCKS,1000
203,7,195,1,CASTLE_STOCKS,1000
149,0,147,0,CUTHS_STOCKS,1000
99,1,95,4,HATFIELD_STOCKS,1100
93,0,89,2,COLLINGWOOD_STOCKS,1100
214,2,212,0,CHADS_STOCKS,1100
95,0,93,2,JOHNS_STOCKS,1100
203,3,195,3,CASTLE_STOCKS,1100
150,1,146,0,CUTHS_STOCKS,1100
99,1,95,1,HATFIELD_STOCKS,1200
93,0,89,0,COLLINGWOOD_STOCKS,1200
214,3,210,0,CHADS_STOCKS,1200
94,0,92,0,JOHNS_STOCKS,1200
202,0,196,0,CASTLE_STOCKS,1200
150,3,146,3,CUTHS_STOCKS,1200
99,0,95,0,HATFIELD_STOCKS,1300
93,1,89,0,COLLINGWOOD_STOCKS,1300
215,1,213,2,CHADS_STOCKS,1300
93,2,89,3,JOHNS_STOCKS,1300
203,6,195,6,CASTLE_STOCKS,1300
148,0,146,0,CUTHS_STOCKS,1300
98,0,94,1,HATFIELD_STOCKS,1400
93,3,89,1,COLLINGWOOD_STOCKS,1400
216,2,212,3,CHADS_STOCKS,1400
93,2,91,3,JOHNS_STOCKS,1400
203,3,195,6,CASTLE_STOCKS,1400
149,0,145,0,CUTHS_STOCKS,1400
98,0,94,3,HATFIELD_STOCKS,1500
93,3,89,2,COLLINGWOOD_STOCKS,1500
216,3,212,2,CHADS_STOCKS,1500
95,0,91,0,JOHNS_STOCKS,1500
203,0,195,1,CASTLE_STOCKS,1500
149,0,145,0,CUTHS_STOCKS,1500
99,1,95,2,HATFIELD_STOCKS,1600
94,0,90,0,COLLINGWOOD_STOCKS,1600
216,0,212,0,CHADS_STOCKS,1600
94,0,92,0,JOHNS_STOCKS,1600
202,6,194,2,CASTLE_STOCKS,1600
147,1,145,0,CUTHS_STOCKS,1600
100,0,96,0,HATFIELD_STOCKS,1700
95,0,91,1,COLLINGWOOD_STOCKS,1700
215,0,213,0,CHADS_STOCKS,1700
94,0,90,0,JOHNS_STOCKS,1700
202,4,194,3,CASTLE_STOCKS,1700
147,1,143,0,CUTHS_STOCKS,1700
101,0,97,0,HATFIELD_STOCKS,1800
94,0,92,0,COLLINGWOOD_STOCKS,1800
217,0,213,0,CHADS_STOCKS,1800
92,0,88,0,JOHNS_STOCKS,1800
201,3,195,0,CASTLE_STOCKS,1800
145,0,143,0,CUTHS_STOCKS,1800
99,1,97,1,HATFIELD_STOCKS,1900
93,1,91,0,COLLINGWOOD_STOCKS,1900
216,1,214,0,CHADS_STOCKS,1900
93,0,89,0,JOHNS_STOCKS,1900
202,0,194,7,CASTLE_STOCKS,1900
144,0,142,0,CUTHS_STOCKS,1900
100,0,96,0,HATFIELD_STOCKS,2000
94,1,90,3,COLLINGWOOD_STOCKS,2000
215,0,213,0,CHADS_STOCKS,2000
90,3,88,3,JOHNS_STOCKS,2000
202,0,194,0,CASTLE_STOCKS,2000
145,1,141,1,CUTHS_STOCKS,2000
101,1,97,2,HATFIELD_STOCKS,2100
94,1,90,3,COLLINGWOOD_STOCKS,2100
218,1,214,0,CHADS_STOCKS,2100
93,3,89,1,JOHNS_STOCKS,2100
202,0,196,0,CASTLE_STOCKS,2100
145,0,141,2,CUTHS_STOCKS,2100
100,0,98,0,HATFIELD_STOCKS,2200
94,0,90,0,COLLINGWOOD_STOCKS,2200
218,4,216,1,CHADS_STOCKS,2200
94,0,90,2,JOHNS_STOCKS,2200
201,3,195,13,CASTLE_STOCKS,2200
145,2,141,2,CUTHS_STOCKS,2200
99,1,95,2,HATFIELD_STOCKS,2300
94,0,90,4,COLLINGWOOD_STOCKS,2300
219,3,215,2,CHADS_STOCKS,2300
95,0,91,0,JOHNS_STOCKS,2300
202,1,194,1,CASTLE_STOCKS,2300
144,1,140,2,CUTHS_STOCKS,2300
99,0,95,0,HATFIELD_STOCKS,2400
94,2,90,1,COLLINGWOOD_STOCKS,2400
216,2,212,4,CHADS_STOCKS,2400
93,1,91,0,JOHNS_STOCKS,2400
202,4,194,2,CASTLE_STOCKS,2400
143,2,141,2,CUTHS_STOCKS,2400
98,0,94,0,HATFIELD_STOCKS,2500
93,2,89,3,COLLINGWOOD_STOCKS,2500
215,1,213,1,CHADS_STOCKS,2500
95,0,91,2,JOHNS_STOCKS,2500
201,12,195,8,CASTLE_STOCKS,2500
144,0,140,0,CUTHS_STOCKS,2500
98,2,94,2,HATFIELD_STOCKS,2600
93,1,89,1,COLLINGWOOD_STOCKS,2600
217,2,215,2,CHADS_STOCKS,2600
98,1,94,2,JOHNS_STOCKS,2600
202,6,194,9,CASTLE_STOCKS,2600
143,0,141,0,CUTHS_STOCKS,2600
99,0,95,0,HATFIELD_STOCKS,2700
94,0,90,1,COLLINGWOOD_STOCKS,2700
218,1,214,1,CHADS_STOCKS,2700
98,2,94,1,JOHNS_STOCKS,2700
202,1,194,0,CASTLE_STOCKS,2700
144,3,142,0,CUTHS_STOCKS,2700
97,0,95,3,HATFIELD_STOCKS,2800
92,0,90,0,COLLINGWOOD_STOCKS,2800
216,1,212,3,CHADS_STOCKS,2800
100,1,96,4,JOHNS_STOCKS,2800
203,2,195,0,CASTLE_STOCKS,2800
143,1,141,1,CUTHS_STOCKS,2800
97,0,95,0,HATFIELD_STOCKS,2900
93,0,89,0,COLLINGWOOD_STOCKS,2900
217,4,213,0,CHADS_STOCKS,2900
99,0,95,2,JOHNS_STOCKS,2900
202,0,194,12,CASTLE_STOCKS,2900
144,0,140,2,CUTHS_STOCKS,2900
99,3,95,1,HATFIELD_STOCKS,3000
93,2,89,2,COLLINGWOOD_STOCKS,3000
217,1,213,1,CHADS_STOCKS,3000
100,0,96,3,JOHNS_STOCKS,3000
202,11,196,3,CASTLE_STOCKS,3000
144,1,140,1,CUTHS_STOCKS,3000
99,0,95,1,HATFIELD_STOCKS,3100
92,4,90,4,COLLINGWOOD_STOCKS,3100
217,0,215,0,CHADS_STOCKS,3100
101,0,97,0,JOHNS_STOCKS,3100
202,4,196,4,CASTLE_STOCKS,3100
145,0,141,0,CUTHS_STOCKS,3100
98,0,94,1,HATFIELD_STOCKS,3200
93,0,89,0,COLLINGWOOD_STOCKS,3200
218,2,214,1,CHADS_STOCKS,3200
102,0,98,0,JOHNS_STOCKS,3200
203,2,195,2,CASTLE_STOCKS,3200
144,0,142,2,CUTHS_STOCKS,3200
98,0,94,1,HATFIELD_STOCKS,3300
93,1,89,1,COLLINGWOOD_STOCKS,3300
220,0,216,0,CHADS_STOCKS,3300
103,2,99,3,JOHNS_STOCKS,3300
203,2,195,3,CASTLE_STOCKS,3300
144,4,142,2,CUTHS_STOCKS,3300
99,0,95,0,HATFIELD_STOCKS,3400
91,2,89,0,COLLINGWOOD_STOCKS,3400
221,0,217,0,CHADS_STOCKS,3400
102,0,98,1,JOHNS_STOCKS,3400
202,4,196,8,CASTLE_STOCKS,3400
145,0,141,0,CUTHS_STOCKS,3400
99,0,95,0,HATFIELD_STOCKS,3500
92,0,90,1,COLLINGWOOD_STOCKS,3500
221,3,217,0,CHADS_STOCKS,3500
102,0,98,0,JOHNS_STOCKS,3500
202,1,196,0,CASTLE_STOCKS,3500
144,0,142,1,CUTHS_STOCKS,3500
99,0,95,0,HATFIELD_STOCKS,3600
92,2,90,3,COLLINGWOOD_STOCKS,3600
221,2,217,1,CHADS_STOCKS,3600
102,0,98,0,JOHNS_STOCKS,3600
202,9,196,5,CASTLE_STOCKS,3600
145,3,141,3,CUTHS_STOCKS,3600
98,2,96,3,HATFIELD_STOCKS,3700
94,0,90,1,COLLINGWOOD_STOCKS,3700
222,1,218,3,CHADS_STOCKS,3700
102,1,98,2,JOHNS_STOCKS,3700
202,6,194,0,CASTLE_STOCKS,3700
144,0,140,0,CUTHS_STOCKS,3700
97,3,95,0,HATFIELD_STOCKS,3800
92,1,90,1,COLLINGWOOD_STOCKS,3800
222,1,220,2,CHADS_STOCKS,3800
102,2,98,2,JOHNS_STOCKS,3800
202,7,196,7,CASTLE_STOCKS,3800
144,1,140,4,CUTHS_STOCKS,3800
98,0,94,0,HATFIELD_STOCKS,3900
94,3,90,2,COLLINGWOOD_STOCKS,3900
220,0,218,0,CHADS_STOCKS,3900
100,0,96,0,JOHNS_STOCKS,3900
203,0,195,0,CASTLE_STOCKS,3900
144,0,140,0,CUTHS_STOCKS,3900
99,0,95,0,HATFIELD_STOCKS,4000
92,0,90,0,COLLINGWOOD_STOCKS,4000
218,3,216,2,CHADS_STOCKS,4000
99,4,97,2,JOHNS_STOCKS,4000
203,1,195,0,CASTLE_STOCKS,4000
143,0,141,0,CUTHS_STOCKS,4000
99,0,95,2,HATFIELD_STOCKS,4100
91,0,89,0,COLLINGWOOD_STOCKS,4100
219,2,217,2,CHADS_STOCKS,4100
100,3,96,3,JOHNS_STOCKS,4100
204,2,196,0,CASTLE_STOCKS,4100
144,0,140,0,CUTHS_STOCKS,4100
98,1,94,0,HATFIELD_STOCKS,4200
90,0,88,0,COLLINGWOOD_STOCKS,4200
221,0,217,0,CHADS_STOCKS,4200
103,1,99,0,JOHNS_STOCKS,4200
203,3,197,3,CASTLE_STOCKS,4200
144,0,140,0,CUTHS_STOCKS,4200
99,0,95,0,HATFIELD_STOCKS,4300
92,0,88,0,COLLINGWOOD_STOCKS,4300
218,0,214,2,CHADS_STOCKS,4300
107,0,103,0,JOHNS_STOCKS,4300
203,0,197,0,CASTLE_STOCKS,4300
144,0,142,0,CUTHS_STOCKS,4300
99,0,95,0,HATFIELD_STOCKS,4400
90,0,88,0,COLLINGWOOD_STOCKS,4400
218,1,216,2,CHADS_STOCKS,4400
106,0,104,0,JOHNS_STOCKS,4400
204,7,196,3,CASTLE_STOCKS,4400
145,0,141,0,CUTHS_STOCKS,4400
100,1,96,2,HATFIELD_STOCKS,4500
92,0,88,0,COLLINGWOOD_STOCKS,4500
218,0,214,0,CHADS_STOCKS,4500
108,2,104,2,JOHNS_STOCKS,4500
203,11,197,4,CASTLE_STOCKS,4500
146,0,142,0,CUTHS_STOCKS,4500
98,1,94,1,HATFIELD_STOCKS,4600
90,2,88,2,COLLINGWOOD_STOCKS,4600
217,0,213,2,CHADS_STOCKS,4600
108,1,104,2,JOHNS_STOCKS,4600
203,3,197,3,CASTLE_STOCKS,4600
146,0,142,0,CUTHS_STOCKS,4600
98,2,94,1,HATFIELD_STOCKS,4700
92,0,88,0,COLLINGWOOD_STOCKS,4700
219,2,215,1,CHADS_STOCKS,4700
106,1,102,2,JOHNS_STOCKS,4700
203,4,197,1,CASTLE_STOCKS,4700
147,1,143,0,CUTHS_STOCKS,4700
97,3,95,1,HATFIELD_STOCKS,4800
91,3,87,1,COLLINGWOOD_STOCKS,4800
219,0,215,1,CHADS_STOCKS,4800
105,0,103,0,JOHNS_STOCKS,4800
204,1,196,7,CASTLE_STOCKS,4800
145,2,143,2,CUTHS_STOCKS,4800
98,3,94,2,HATFIELD_STOCKS,4900
91,1,87,0,COLLINGWOOD_STOCKS,4900
217,2,213,3,CHADS_STOCKS,4900
105,1,103,0,JOHNS_STOCKS,4900
204,2,196,1,CASTLE_STOCKS,4900
146,0,142,0,CUTHS_STOCKS,4900
98,4,94,0,HATFIELD_STOCKS,5000
90,2,88,4,COLLINGWOOD_STOCKS,5000
219,0,217,0,CHADS_STOCKS,5000
105,0,103,1,JOHNS_STOCKS,5000
203,6,197,6,CASTLE_STOCKS,5000
145,0,141,0,CUTHS_STOCKS,5000
96,2,94,1,HATFIELD_STOCKS,5100
89,0,87,0,COLLINGWOOD_STOCKS,5100
219,0,217,0,CHADS_STOCKS,5100
108,1,104,0,JOHNS_STOCKS,5100
203,1,195,0,CASTLE_STOCKS,5100
143,1,141,2,CUTHS_STOCKS,5100
95,4,93,1,HATFIELD_STOCKS,5200
90,3,86,4,COLLINGWOOD_STOCKS,5200
220,1,216,1,CHADS_STOCKS,5200
106,2,102,2,JOHNS_STOCKS,5200
203,0,195,4,CASTLE_STOCKS,5200
145,0,141,3,CUTHS_STOCKS,5200
96,1,92,1,HATFIELD_STOCKS,5300
91,3,87,2,COLLINGWOOD_STOCKS,5300
217,0,213,0,CHADS_STOCKS,5300
104,0,100,3,JOHNS_STOCKS,5300
202,0,196,7,CASTLE_STOCKS,5300
144,0,142,1,CUTHS_STOCKS,5300
97,0,93,0,HATFIELD_STOCKS,5400
89,0,87,0,COLLINGWOOD_STOCKS,5400
217,1,213,1,CHADS_STOCKS,5400
101,0,99,0,JOHNS_STOCKS,5400
201,0,195,0,CASTLE_STOCKS,5400
145,0,141,0,CUTHS_STOCKS,5400
97,2,93,0,HATFIELD_STOCKS,5500
90,2,86,0,COLLINGWOOD_STOCKS,5500
214,2,210,0,CHADS_STOCKS,5500
102,0,98,0,JOHNS_STOCKS,5500
203,2,195,1,CASTLE_STOCKS,5500
146,0,142,0,CUTHS_STOCKS,5500
96,1,94,0,HATFIELD_STOCKS,5600
90,0,86,0,COLLINGWOOD_STOCKS,5600
214,0,210,0,CHADS_STOCKS,5600
102,2,100,3,JOHNS_STOCKS,5600
202,1,196,2,CASTLE_STOCKS,5600
145,2,141,0,CUTHS_STOCKS,5600
97,0,93,0,HATFIELD_STOCKS,5700
90,0,88,0,COLLINGWOOD_STOCKS,5700
211,0,209,0,CHADS_STOCKS,5700
103,0,101,0,JOHNS_STOCKS,5700
203,4,195,6,CASTLE_STOCKS,5700
145,3,143,1,CUTHS_STOCKS,5700
97,2,93,0,HATFIELD_STOCKS,5800
90,1,88,0,COLLINGWOOD_STOCKS,5800
210,0,208,0,CHADS_STOCKS,5800
103,0,99,0,JOHNS_STOCKS,5800
202,5,196,7,CASTLE_STOCKS,5800
147,1,143,0,CUTHS_STOCKS,5800
97,0,93,0,HATFIELD_STOCKS,5900
91,2,89,3,COLLINGWOOD_STOCKS,5900
209,1,205,1,CHADS_STOCKS,5900
101,0,97,0,JOHNS_STOCKS,5900
201,3,195,0,CASTLE_STOCKS,5900
145,0,141,0,CUTHS_STOCKS,5900
98,2,94,0,HATFIELD_STOCKS,6000
92,2,88,4,COLLINGWOOD_STOCKS,6000
207,0,205,0,CHADS_STOCKS,6000
101,1,99,1,JOHNS_STOCKS,6000
201,0,195,0,CASTLE_STOCKS,6000
145,1,141,1,CUTHS_STOCKS,6000
98,0,94,0,HATFIELD_STOCKS,6100
93,0,89,3,COLLINGWOOD_STOCKS,6100
207,2,203,2,CHADS_STOCKS,6100
100,0,96,0,JOHNS_STOCKS,6100
202,5,194,3,CASTLE_STOCKS,6100
144,2,142,2,CUTHS_STOCKS,6100
97,0,93,1,HATFIELD_STOCKS,6200
93,1,89,0,COLLINGWOOD_STOCKS,6200
207,1,205,1,CHADS_STOCKS,6200
98,1,94,0,JOHNS_STOCKS,6200
200,0,194,0,CASTLE_STOCKS,6200
144,1,142,3,CUTHS_STOCKS,6200
96,0,92,0,HATFIELD_STOCKS,6300
94,1,90,0,COLLINGWOOD_STOCKS,6300
209,1,205,2,CHADS_STOCKS,6300
97,2,93,2,JOHNS_STOCKS,6300
201,0,193,5,CASTLE_STOCKS,6300
144,0,140,0,CUTHS_STOCKS,6300
95,0,93,0,HATFIELD_STOCKS,6400
94,4,90,2,COLLINGWOOD_STOCKS,6400
208,3,204,0,CHADS_STOCKS,6400
96,0,94,0,JOHNS_STOCKS,6400
201,12,193,11,CASTLE_STOCKS,6400
143,1,141,3,CUTHS_STOCKS,6400
96,0,92,2,HATFIELD_STOCKS,6500
94,0,90,1,COLLINGWOOD_STOCKS,6500
206,3,204,0,CHADS_STOCKS,6500
97,0,93,0,JOHNS_STOCKS,6500
201,1,193,7,CASTLE_STOCKS,6500
144,0,140,0,CUTHS_STOCKS,6500
95,0,93,1,HATFIELD_STOCKS,6600
93,1,89,3,COLLINGWOOD_STOCKS,6600
207,0,205,3,CHADS_STOCKS,6600
95,2,93,1,JOHNS_STOCKS,6600
201,0,195,0,CASTLE_STOCKS,6600
145,0,141,0,CUTHS_STOCKS,6600
95,4,91,2,HATFIELD_STOCKS,6700
93,3,89,0,COLLINGWOOD_STOCKS,6700
207,0,205,2,CHADS_STOCKS,6700
93,0,89,0,JOHNS_STOCKS,6700
201,8,193,9,CASTLE_STOCKS,6700
143,1,141,1,CUTHS_STOCKS,6700
94,0,92,0,HATFIELD_STOCKS,6800
92,0,90,0,COLLINGWOOD_STOCKS,6800
207,2,205,2,CHADS_STOCKS,6800
93,2,91,0,JOHNS_STOCKS,6800
201,0,193,0,CASTLE_STOCKS,6800
144,0,140,0,CUTHS_STOCKS,6800
97,2,93,2,HATFIELD_STOCKS,6900
94,0,90,0,COLLINGWOOD_STOCKS,6900
208,0,204,0,CHADS_STOCKS,6900
95,0,91,0,JOHNS_STOCKS,6900
201,0,193,0,CASTLE_STOCKS,6900
143,1,139,2,CUTHS_STOCKS,6900
97,0,93,0,HATFIELD_STOCKS,7000
92,0,90,0,COLLINGWOOD_STOCKS,7000
206,0,204,0,CHADS_STOCKS,7000
93,2,89,3,JOHNS_STOCKS,7000
201,5,193,6,CASTLE_STOCKS,7000
143,3,139,3,CUTHS_STOCKS,7000
97,0,93,0,HATFIELD_STOCKS,7100
94,0,90,0,COLLINGWOOD_STOCKS,7100
206,0,202,1,CHADS_STOCKS,7100
91,0,89,0,JOHNS_STOCKS,7100
199,6,193,4,CASTLE_STOCKS,7100
143,1,139,1,CUTHS_STOCKS,7100
97,0,95,0,HATFIELD_STOCKS,7200
94,0,90,0,COLLINGWOOD_STOCKS,7200
204,2,200,1,CHADS_STOCKS,7200
90,1,88,0,JOHNS_STOCKS,7200
200,13,192,4,CASTLE_STOCKS,7200
142,3,140,4,CUTHS_STOCKS,7200
98,2,96,4,HATFIELD_STOCKS,7300
94,0,90,0,COLLINGWOOD_STOCKS,7300
206,4,202,4,CHADS_STOCKS,7300
89,2,85,4,JOHNS_STOCKS,7300
200,0,192,0,CASTLE_STOCKS,7300
144,3,140,3,CUTHS_STOCKS,7300
100,1,96,1,HATFIELD_STOCKS,7400
94,3,90,2,COLLINGWOOD_STOCKS,7400
205,1,201,0,CHADS_STOCKS,7400
89,1,85,1,JOHNS_STOCKS,7400
201,6,193,4,CASTLE_STOCKS,7400
143,0,141,0,CUTHS_STOCKS,7400
99,0,95,2,HATFIELD_STOCKS,7500
93,2,91,2,COLLINGWOOD_STOCKS,7500
204,0,202,0,CHADS_STOCKS,7500
89,1,87,1,JOHNS_STOCKS,7500
201,4,193,9,CASTLE_STOCKS,7500
144,0,140,0,CUTHS_STOCKS,7500
97,1,95,2,HATFIELD_STOCKS,7600
93,1,89,1,COLLINGWOOD_STOCKS,7600
203,0,201,0,CHADS_STOCKS,7600
88,1,84,0,JOHNS_STOCKS,7600
199,0,193,0,CASTLE_STOCKS,7600
142,0,140,0,CUTHS_STOCKS,7600
98,0,94,0,HATFIELD_STOCKS,7700
91,0,89,0,COLLINGWOOD_STOCKS,7700
204,2,200,4,CHADS_STOCKS,7700
90,0,86,0,JOHNS_STOCKS,7700
200,0,192,0,CASTLE_STOCKS,7700
143,0,139,0,CUTHS_STOCKS,7700
97,0,93,0,HATFIELD_STOCKS,7800
91,1,89,1,COLLINGWOOD_STOCKS,7800
204,0,200,0,CHADS_STOCKS,7800
90,0,86,0,JOHNS_STOCKS,7800
200,0,194,1,CASTLE_STOCKS,7800
143,0,141,0,CUTHS_STOCKS,7800
96,1,92,1,HATFIELD_STOCKS,7900
93,0,89,1,COLLINGWOOD_STOCKS,7900
205,0,203,0,CHADS_STOCKS,7900
92,0,88,0,JOHNS_STOCKS,7900
200,0,192,0,CASTLE_STOCKS,7900
144,2,140,0,CUTHS_STOCKS,7900
97,2,93,1,HATFIELD_STOCKS,8000
94,4,90,0,COLLINGWOOD_STOCKS,8000
206,0,204,0,CHADS_STOCKS,8000
91,0,87,1,JOHNS_STOCKS,8000
200,2,192,1,CASTLE_STOCKS,8000
143,1,139,0,CUTHS_STOCKS,8000
97,0,93,0,HATFIELD_STOCKS,8100
95,1,91,0,COLLINGWOOD_STOCKS,8100
206,0,204,1,CHADS_STOCKS,8100
90,0,86,0,JOHNS_STOCKS,8100
200,0,192,7,CASTLE_STOCKS,8100
142,1,140,4,CUTHS_STOCKS,8100
97,0,95,3,HATFIELD_STOCKS,8200
95,0,91,0,COLLINGWOOD_STOCKS,8200
207,0,203,0,CHADS_STOCKS,8200
89,1,85,4,JOHNS_STOCKS,8200
200,1,192,0,CASTLE_STOCKS,8200
143,1,141,1,CUTHS_STOCKS,8200
96,3,94,0,HATFIELD_STOCKS,8300
94,0,90,0,COLLINGWOOD_STOCKS,8300
205,1,203,3,CHADS_STOCKS,8300
87,1,83,0,JOHNS_STOCKS,8300
199,5,193,8,CASTLE_STOCKS,8300
143,1,141,1,CUTHS_STOCKS,8300
96,1,94,3,HATFIELD_STOCKS,8400
95,4,91,4,COLLINGWOOD_STOCKS,8400
203,2,199,2,CHADS_STOCKS,8400
86,0,84,0,JOHNS_STOCKS,8400
200,2,194,1,CASTLE_STOCKS,8400
144,0,142,2,CUTHS_STOCKS,8400
96,1,92,0,HATFIELD_STOCKS,8500
94,3,90,0,COLLINGWOOD_STOCKS,8500
202,0,198,0,CHADS_STOCKS,8500
85,2,83,0,JOHNS_STOCKS,8500
201,1,193,6,CASTLE_STOCKS,8500
146,0,142,0,CUTHS_STOCKS,8500
94,1,92,0,HATFIELD_STOCKS,8600
91,1,89,1,COLLINGWOOD_STOCKS,8600
202,1,198,2,CHADS_STOCKS,8600
86,0,82,0,JOHNS_STOCKS,8600
200,0,194,0,CASTLE_STOCKS,8600
143,0,141,0,CUTHS_STOCKS,8600
94,0,90,0,HATFIELD_STOCKS,8700
92,1,90,1,COLLINGWOOD_STOCKS,8700
201,0,197,0,CHADS_STOCKS,8700
86,0,82,0,JOHNS_STOCKS,8700
199,0,193,0,CASTLE_STOCKS,8700
144,1,140,2,CUTHS_STOCKS,8700
93,0,91,0,HATFIELD_STOCKS,8800
92,0,88,0,COLLINGWOOD_STOCKS,8800
200,1,196,2,CHADS_STOCKS,8800
86,0,82,0,JOHNS_STOCKS,8800
201,7,193,8,CASTLE_STOCKS,8800
144,0,140,0,CUTHS_STOCKS,8800
94,1,92,0,HATFIELD_STOCKS,8900
93,0,89,0,COLLINGWOOD_STOCKS,8900
200,0,198,1,CHADS_STOCKS,8900
89,0,85,1,JOHNS_STOCKS,8900
201,0,193,0,CASTLE_STOCKS,8900
143,0,141,1,CUTHS_STOCKS,8900
96,0,92,0,HATFIELD_STOCKS,9000
94,0,90,0,COLLINGWOOD_STOCKS,9000
200,0,198,0,CHADS_STOCKS,9000
89,0,85,0,JOHNS_STOCKS,9000
201,3,193,6,CASTLE_STOCKS,9000
142,0,140,0,CUTHS_STOCKS,9000
95,0,93,0,HATFIELD_STOCKS,9100
93,0,89,0,COLLINGWOOD_STOCKS,9100
200,0,198,1,CHADS_STOCKS,9100
86,0,82,0,JOHNS_STOCKS,9100
201,6,193,10,CASTLE_STOCKS,9100
142,0,140,0,CUTHS_STOCKS,9100
95,0,93,0,HATFIELD_STOCKS,9200
92,0,88,2,COLLINGWOOD_STOCKS,9200
199,1,197,2,CHADS_STOCKS,9200
87,0,83,0,JOHNS_STOCKS,9200
201,0,193,1,CASTLE_STOCKS,9200
142,1,140,1,CUTHS_STOCKS,9200
95,4,91,2,HATFIELD_STOCKS,9300
92,0,88,0,COLLINGWOOD_STOCKS,9300
201,1,197,1,CHADS_STOCKS,9300
87,0,83,0,JOHNS_STOCKS,9300
201,1,193,9,CASTLE_STOCKS,9300
142,0,138,0,CUTHS_STOCKS,9300
95,1,93,1,HATFIELD_STOCKS,9400
91,2,89,1,COLLINGWOOD_STOCKS,9400
199,4,197,0,CHADS_STOCKS,9400
86,0,82,0,JOHNS_STOCKS,9400
200,0,192,0,CASTLE_STOCKS,9400
141,0,139,1,CUTHS_STOCKS,9400
96,0,92,0,HATFIELD_STOCKS,9500
91,1,89,1,COLLINGWOOD_STOCKS,9500
200,4,196,1,CHADS_STOCKS,9500
87,0,83,0,JOHNS_STOCKS,9500
199,0,193,0,CASTLE_STOCKS,9500
142,0,138,0,CUTHS_STOCKS,9500
98,1,94,1,HATFIELD_STOCKS,9600
92,1,88,1,COLLINGWOOD_STOCKS,9600
201,0,199,0,CHADS_STOCKS,9600
85,0,81,0,JOHNS_STOCKS,9600
200,1,192,0,CASTLE_STOCKS,9600
142,0,138,0,CUTHS_STOCKS,9600
98,0,94,0,HATFIELD_STOCKS,9700
91,0,89,0,COLLINGWOOD_STOCKS,9700
200,1,196,0,CHADS_STOCKS,9700
86,0,84,0,JOHNS_STOCKS,9700
200,10,192,9,CASTLE_STOCKS,9700
141,0,139,0,CUTHS_STOCKS,9700
98,0,94,0,HATFIELD_STOCKS,9800
91,2,89,1,COLLINGWOOD_STOCKS,9800
197,4,195,4,CHADS_STOCKS,9800
88,1,84,0,JOHNS_STOCKS,9800
199,0,193,0,CASTLE_STOCKS,9800
144,0,140,3,CUTHS_STOCKS,9800
97,0,93,0,HATFIELD_STOCKS,9900
92,0,88,0,COLLINGWOOD_STOCKS,9900
196,0,192,0,CHADS_STOCKS,9900
86,1,84,0,JOHNS_STOCKS,9900
199,9,193,4,CASTLE_STOCKS,9900
143,0,139,3,CUTHS_STOCKS,9900
97,3,93,0,HATFIELD_STOCKS,10000
91,0,89,0,COLLINGWOOD_STOCKS,10000
195,1,191,0,CHADS_STOCKS,10000
86,3,82,3,JOHNS_STOCKS,10000
200,8,192,1,CASTLE_STOCKS,10000
142,0,138,0,CUTHS_STOCKS,10000
97,2,93,1,HATFIELD_STOCKS,10100
92,0,90,2,COLLINGWOOD_STOCKS,10100
196,0,192,0,CHADS_STOCKS,10100
87,0,83,0,JOHNS_STOCKS,10100
199,5,191,0,CASTLE_STOCKS,10100
141,0,139,0,CUTHS_STOCKS,10100
97,0,93,0,HATFIELD_STOCKS,10200
92,0,90,1,COLLINGWOOD_STOCKS,10200
193,0,191,0,CHADS_STOCKS,10200
88,1,84,0,JOHNS_STOCKS,10200
200,1,192,0,CASTLE_STOCKS,10200
141,4,137,1,CUTHS_STOCKS,10200
97,0,93,0,HATFIELD_STOCKS,10300
93,0,91,3,COLLINGWOOD_STOCKS,10300
195,1,191,2,CHADS_STOCKS,10300
88,0,84,0,JOHNS_STOCKS,10300
200,2,192,1,CASTLE_STOCKS,10300
141,3,139,3,CUTHS_STOCKS,10300
95,0,93,0,HATFIELD_STOCKS,10400
94,0,90,0,COLLINGWOOD_STOCKS,10400
195,1,193,0,CHADS_STOCKS,10400
86,0,82,0,JOHNS_STOCKS,10400
201,4,193,7,CASTLE_STOCKS,10400
141,0,139,0,CUTHS_STOCKS,10400
96,0,92,0,HATFIELD_STOCKS,10500
94,2,90,2,COLLINGWOOD_STOCKS,10500
196,0,192,0,CHADS_STOCKS,10500
88,2,84,0,JOHNS_STOCKS,10500
201,0,193,1,CASTLE_STOCKS,10500
140,1,138,4,CUTHS_STOCKS,10500
97,0,93,0,HATFIELD_STOCKS,10600
92,2,90,2,COLLINGWOOD_STOCKS,10600
195,0,191,0,CHADS_STOCKS,10600
88,1,86,4,JOHNS_STOCKS,10600
201,0,193,1,CASTLE_STOCKS,10600
142,0,138,1,CUTHS_STOCKS,10600
97,2,93,3,HATFIELD_STOCKS,10700
92,3,88,2,COLLINGWOOD_STOCKS,10700
192,1,188,1,CHADS_STOCKS,10700
88,0,84,0,JOHNS_STOCKS,10700
200,11,194,8,CASTLE_STOCKS,10700
142,1,138,0,CUTHS_STOCKS,10700
96,2,92,1,HATFIELD_STOCKS,10800
92,1,88,1,COLLINGWOOD_STOCKS,10800
192,2,188,3,CHADS_STOCKS,10800
88,0,86,0,JOHNS_STOCKS,10800
201,10,193,6,CASTLE_STOCKS,10800
141,1,137,0,CUTHS_STOCKS,10800
95,0,93,0,HATFIELD_STOCKS,10900
91,3,89,0,COLLINGWOOD_STOCKS,10900
192,0,188,0,CHADS_STOCKS,10900
90,1,86,0,JOHNS_STOCKS,10900
201,0,193,0,CASTLE_STOCKS,10900
142,3,138,3,CUTHS_STOCKS,10900
97,2,93,2,HATFIELD_STOCKS,11000
93,0,89,0,COLLINGWOOD_STOCKS,11000
194,0,190,0,CHADS_STOCKS,11000
89,0,85,0,JOHNS_STOCKS,11000
201,0,193,3,CASTLE_STOCKS,11000
142,0,138,0,CUTHS_STOCKS,11000
98,0,94,1,HATFIELD_STOCKS,11100
92,0,88,0,COLLINGWOOD_STOCKS,11100
193,1,189,0,CHADS_STOCKS,11100
88,0,84,0,JOHNS_STOCKS,11100
200,0,194,0,CASTLE_STOCKS,11100
141,4,137,2,CUTHS_STOCKS,11100
97,1,95,2,HATFIELD_STOCKS,11200
93,0,91,0,COLLINGWOOD_STOCKS,11200
194,1,190,0,CHADS_STOCKS,11200
88,0,84,0,JOHNS_STOCKS,11200
200,0,192,0,CASTLE_STOCKS,11200
141,3,137,0,CUTHS_STOCKS,11200
97,4,95,3,HATFIELD_STOCKS,11300
94,2,90,2,COLLINGWOOD_STOCKS,11300
192,0,190,0,CHADS_STOCKS,11300
87,3,85,3,JOHNS_STOCKS,11300
201,0,193,5,CASTLE_STOCKS,11300
141,3,137,2,CUTHS_STOCKS,11300
99,0,95,0,HATFIELD_STOCKS,11400
96,0,92,0,COLLINGWOOD_STOCKS,11400
191,3,189,3,CHADS_STOCKS,11400
88,3,84,2,JOHNS_STOCKS,11400
201,1,193,11,CASTLE_STOCKS,11400
141,0,137,2,CUTHS_STOCKS,11400
98,0,96,0,HATFIELD_STOCKS,11500
96,0,92,4,COLLINGWOOD_STOCKS,11500
191,0,187,0,CHADS_STOCKS,11500
87,0,85,0,JOHNS_STOCKS,11500
199,0,193,2,CASTLE_STOCKS,11500
141,4,137,1,CUTHS_STOCKS,11500
98,0,94,0,HATFIELD_STOCKS,11600
96,0,92,1,COLLINGWOOD_STOCKS,11600
190,0,188,0,CHADS_STOCKS,11600
86,1,84,1,JOHNS_STOCKS,11600
200,0,192,1,CASTLE_STOCKS,11600
141,1,137,1,CUTHS_STOCKS,11600
98,0,96,0,HATFIELD_STOCKS,11700
96,2,92,0,COLLINGWOOD_STOCKS,11700
189,1,185,1,CHADS_STOCKS,11700
87,1,83,0,JOHNS_STOCKS,11700
200,10,192,3,CASTLE_STOCKS,11700
141,1,139,0,CUTHS_STOCKS,11700
99,0,95,0,HATFIELD_STOCKS,11800
96,1,92,1,COLLINGWOOD_STOCKS,11800
189,1,185,1,CHADS_STOCKS,11800
87,0,83,1,JOHNS_STOCKS,11800
200,7,192,4,CASTLE_STOCKS,11800
142,0,138,0,CUTHS_STOCKS,11800
98,0,96,0,HATFIELD_STOCKS,11900
96,1,92,1,COLLINGWOOD_STOCKS,11900
189,0,187,0,CHADS_STOCKS,11900
87,0,83,0,JOHNS_STOCKS,11900
201,0,193,0,CASTLE_STOCKS,11900
142,0,138,2,CUTHS_STOCKS,11900
100,0,96,0,HATFIELD_STOCKS,12000
95,0,91,0,COLLINGWOOD_STOCKS,12000
192,2,188,2,CHADS_STOCKS,12000
88,0,84,1,JOHNS_STOCKS,12000
201,2,193,2,CASTLE_STOCKS,12000
141,1,137,2,CUTHS_STOCKS,12000
100,0,96,0,HATFIELD_STOCKS,12100
95,1,91,0,COLLINGWOOD_STOCKS,12100
192,0,188,0,CHADS_STOCKS,12100
89,0,85,0,JOHNS_STOCKS,12100
201,1,193,0,CASTLE_STOCKS,12100
142,2,138,1,CUTHS_STOCKS,12100
100,0,96,0,HATFIELD_STOCKS,12200
95,1,91,1,COLLINGWOOD_STOCKS,12200
192,0,188,0,CHADS_STOCKS,12200
88,1,84,0,JOHNS_STOCKS,12200
200,2,194,5,CASTLE_STOCKS,12200
142,1,140,0,CUTHS_STOCKS,12200
100,0,96,2,HATFIELD_STOCKS,12300
95,1,91,1,COLLINGWOOD_STOCKS,12300
194,2,190,2,CHADS_STOCKS,12300
88,4,84,1,JOHNS_STOCKS,12300
200,2,194,2,CASTLE_STOCKS,12300
142,0,140,3,CUTHS_STOCKS,12300
100,3,96,0,HATFIELD_STOCKS,12400
94,0,92,0,COLLINGWOOD_STOCKS,12400
195,2,191,1,CHADS_STOCKS,12400
88,0,86,4,JOHNS_STOCKS,12400
201,0,193,0,CASTLE_STOCKS,12400
143,1,139,3,CUTHS_STOCKS,12400
99,4,95,3,HATFIELD_STOCKS,12500
94,0,90,0,COLLINGWOOD_STOCKS,12500
194,1,192,1,CHADS_STOCKS,12500
87,1,83,0,JOHNS_STOCKS,12500
201,7,193,2,CASTLE_STOCKS,12500
142,1,138,0,CUTHS_STOCKS,12500
100,1,96,2,HATFIELD_STOCKS,12600
93,0,91,0,COLLINGWOOD_STOCKS,12600
194,0,190,0,CHADS_STOCKS,12600
90,0,86,1,JOHNS_STOCKS,12600
201,0,193,0,CASTLE_STOCKS,12600
140,0,138,1,CUTHS_STOCKS,12600
99,2,97,1,HATFIELD_STOCKS,12700
95,4,91,3,COLLINGWOOD_STOCKS,12700
197,0,193,0,CHADS_STOCKS,12700
90,3,86,4,JOHNS_STOCKS,12700
201,0,193,0,CASTLE_STOCKS,12700
141,1,137,2,CUTHS_STOCKS,12700
100,1,96,3,HATFIELD_STOCKS,12800
95,1,91,0,COLLINGWOOD_STOCKS,12800
198,1,194,0,CHADS_STOCKS,12800
91,1,87,1,JOHNS_STOCKS,12800
202,1,194,1,CASTLE_STOCKS,12800
140,0,138,0,CUTHS_STOCKS,12800
100,0,98,0,HATFIELD_STOCKS,12900
96,0,92,2,COLLINGWOOD_STOCKS,12900
195,0,193,2,CHADS_STOCKS,12900
90,0,86,2,JOHNS_STOCKS,12900
202,2,194,0,CASTLE_STOCKS,12900
140,2,138,2,CUTHS_STOCKS,12900
101,0,97,0,HATFIELD_STOCKS,13000
96,2,94,3,COLLINGWOOD_STOCKS,13000
196,1,192,0,CHADS_STOCKS,13000
91,0,87,0,JOHNS_STOCKS,13000
203,0,195,1,CASTLE_STOCKS,13000
143,1,139,1,CUTHS_STOCKS,13000
101,0,97,1,HATFIELD_STOCKS,13100
95,2,93,1,COLLINGWOOD_STOCKS,13100
194,0,192,0,CHADS_STOCKS,13100
91,1,89,2,JOHNS_STOCKS,13100
202,9,196,5,CASTLE_STOCKS,13100
143,1,139,0,CUTHS_STOCKS,13100
102,1,98,0,HATFIELD_STOCKS,13200
97,0,93,1,COLLINGWOOD_STOCKS,13200
194,0,192,0,CHADS_STOCKS,13200
92,2,88,2,JOHNS_STOCKS,13200
202,0,194,0,CASTLE_STOCKS,13200
143,0,139,0,CUTHS_STOCKS,13200
102,1,98,1,HATFIELD_STOCKS,13300
96,4,92,1,COLLINGWOOD_STOCKS,13300
195,1,191,1,CHADS_STOCKS,13300
94,0,90,1,JOHNS_STOCKS,13300
202,0,196,1,CASTLE_STOCKS,13300
142,1,138,1,CUTHS_STOCKS,13300
102,1,98,4,HATFIELD_STOCKS,13400
95,0,93,0,COLLINGWOOD_STOCKS,13400
198,3,194,1,CHADS_STOCKS,13400
91,1,87,1,JOHNS_STOCKS,13400
202,0,196,1,CASTLE_STOCKS,13400
142,1,138,0,CUTHS_STOCKS,13400
102,0,98,2,HATFIELD_STOCKS,13500
96,2,94,0,COLLINGWOOD_STOCKS,13500
196,3,192,2,CHADS_STOCKS,13500
90,4,86,1,JOHNS_STOCKS,13500
202,3,196,3,CASTLE_STOCKS,13500
141,0,139,0,CUTHS_STOCKS,13500
100,0,98,0,HATFIELD_STOCKS,13600
96,2,94,2,COLLINGWOOD_STOCKS,13600
193,2,191,0,CHADS_STOCKS,13600
89,0,85,2,JOHNS_STOCKS,13600
202,5,196,3,CASTLE_STOCKS,13600
141,0,137,0,CUTHS_STOCKS,13600
101,1,99,2,HATFIELD_STOCKS,13700
98,3,94,2,COLLINGWOOD_STOCKS,13700
196,0,192,0,CHADS_STOCKS,13700
88,0,84,0,JOHNS_STOCKS,13700
203,0,195,0,CASTLE_STOCKS,13700
141,2,137,1,CUTHS_STOCKS,13700
103,0,99,1,HATFIELD_STOCKS,13800
97,0,93,0,COLLINGWOOD_STOCKS,13800
198,0,194,0,CHADS_STOCKS,13800
88,3,84,1,JOHNS_STOCKS,13800
202,4,196,11,CASTLE_STOCKS,13800
140,1,138,0,CUTHS_STOCKS,13800
102,0,98,0,HATFIELD_STOCKS,13900
96,0,92,1,COLLINGWOOD_STOCKS,13900
199,0,195,0,CHADS_STOCKS,13900
87,2,85,1,JOHNS_STOCKS,13900
203,6,195,6,CASTLE_STOCKS,13900
142,1,138,1,CUTHS_STOCKS,13900
101,0,99,0,HATFIELD_STOCKS,14000
96,0,94,0,COLLINGWOOD_STOCKS,14000
197,2,193,0,CHADS_STOCKS,14000
89,2,87,1,JOHNS_STOCKS,14000
202,2,196,1,CASTLE_STOCKS,14000
140,3,136,2,CUTHS_STOCKS,14000
101,0,99,0,HATFIELD_STOCKS,14100
98,0,94,0,COLLINGWOOD_STOCKS,14100
198,1,196,0,CHADS_STOCKS,14100
90,0,86,0,JOHNS_STOCKS,14100
202,8,196,2,CASTLE_STOCKS,14100
140,2,136,4,CUTHS_STOCKS,14100
103,1,99,0,HATFIELD_STOCKS,14200
99,1,95,1,COLLINGWOOD_STOCKS,14200
199,2,195,0,CHADS_STOCKS,14200
90,1,86,2,JOHNS_STOCKS,14200
202,0,196,0,CASTLE_STOCKS,14200
139,2,137,1,CUTHS_STOCKS,14200
102,1,100,0,HATFIELD_STOCKS,14300
98,0,96,1,COLLINGWOOD_STOCKS,14300
198,0,194,1,CHADS_STOCKS,14300
88,2,86,2,JOHNS_STOCKS,14300
202,1,196,0,CASTLE_STOCKS,14300
140,0,138,0,CUTHS_STOCKS,14300
104,0,100,0,HATFIELD_STOCKS,14400
100,3,96,1,COLLINGWOOD_STOCKS,14400
199,0,195,0,CHADS_STOCKS,14400
88,0,86,0,JOHNS_STOCKS,14400
202,0,196,0,CASTLE_STOCKS,14400
142,2,138,0,CUTHS_STOCKS,14400
102,0,98,0,HATFIELD_STOCKS,14500
97,3,95,1,COLLINGWOOD_STOCKS,14500
199,0,195,0,CHADS_STOCKS,14500
89,0,85,0,JOHNS_STOCKS,14500
203,0,195,1,CASTLE_STOCKS,14500
142,0,138,0,CUTHS_STOCKS,14500
101,3,99,3,HATFIELD_STOCKS,14600
98,2,94,3,COLLINGWOOD_STOCKS,14600
198,0,194,0,CHADS_STOCKS,14600
90,1,86,0,JOHNS_STOCKS,14600
203,0,195,0,CASTLE_STOCKS,14600
142,2,140,4,CUTHS_STOCKS,14600
103,0,99,1,HATFIELD_STOCKS,14700
97,1,93,1,COLLINGWOOD_STOCKS,14700
197,2,193,0,CHADS_STOCKS,14700
89,0,87,2,JOHNS_STOCKS,14700
202,4,196,1,CASTLE_STOCKS,14700
142,3,138,3,CUTHS_STOCKS,14700
101,0,99,0,HATFIELD_STOCKS,14800
96,3,92,1,COLLINGWOOD_STOCKS,14800
197,2,193,2,CHADS_STOCKS,14800
90,1,86,2,JOHNS_STOCKS,14800
203,7,195,5,CASTLE_STOCKS,14800
141,1,137,0,CUTHS_STOCKS,14800
101,0,97,0,HATFIELD_STOCKS,14900
96,0,92,0,COLLINGWOOD_STOCKS,14900
198,3,196,2,CHADS_STOCKS,14900
88,0,86,0,JOHNS_STOCKS,14900
204,4,196,4,CASTLE_STOCKS,14900
142,0,138,0,CUTHS_STOCKS,14900
101,0,97,0,HATFIELD_STOCKS,15000
97,0,93,0,COLLINGWOOD_STOCKS,15000
197,0,195,0,CHADS_STOCKS,15000
87,0,85,0,JOHNS_STOCKS,15000
204,1,196,0,CASTLE_STOCKS,15000
141,0,137,0,CUTHS_STOCKS,15000
100,0,98,0,HATFIELD_STOCKS,15100
97,0,93,3,COLLINGWOOD_STOCKS,15100
197,0,193,1,CHADS_STOCKS,15100
87,0,85,0,JOHNS_STOCKS,15100
203,9,197,6,CASTLE_STOCKS,15100
140,2,136,2,CUTHS_STOCKS,15100
101,0,97,0,HATFIELD_STOCKS,15200
97,1,93,2,COLLINGWOOD_STOCKS,15200
196,0,192,0,CHADS_STOCKS,15200
89,0,85,2,JOHNS_STOCKS,15200
203,0,195,1,CASTLE_STOCKS,15200
140,0,136,0,CUTHS_STOCKS,15200
102,0,98,2,HATFIELD_STOCKS,15300
97,0,93,0,COLLINGWOOD_STOCKS,15300
198,0,194,0,CHADS_STOCKS,15300
87,0,85,0,JOHNS_STOCKS,15300
203,0,195,1,CASTLE_STOCKS,15300
141,3,137,3,CUTHS_STOCKS,15300
102,1,100,0,HATFIELD_STOCKS,15400
98,0,94,0,COLLINGWOOD_STOCKS,15400
198,0,194,0,CHADS_STOCKS,15400
87,0,83,0,JOHNS_STOCKS,15400
203,4,195,9,CASTLE_STOCKS,15400
140,3,136,0,CUTHS_STOCKS,15400
103,3,99,0,HATFIELD_STOCKS,15500
97,1,93,0,COLLINGWOOD_STOCKS,15500
196,0,192,0,CHADS_STOCKS,15500
85,0,83,1,JOHNS_STOCKS,15500
203,5,195,6,CASTLE_STOCKS,15500
141,1,137,0,CUTHS_STOCKS,15500
103,2,99,0,HATFIELD_STOCKS,15600
97,1,93,2,COLLINGWOOD_STOCKS,15600
193,0,191,1,CHADS_STOCKS,15600
83,3,81,0,JOHNS_STOCKS,15600
203,2,195,2,CASTLE_STOCKS,15600
140,1,136,0,CUTHS_STOCKS,15600
102,0,98,0,HATFIELD_STOCKS,15700
96,1,94,0,COLLINGWOOD_STOCKS,15700
197,2,193,1,CHADS_STOCKS,15700
83,0,79,0,JOHNS_STOCKS,15700
204,1,196,4,CASTLE_STOCKS,15700
140,1,136,1,CUTHS_STOCKS,15700
103,3,99,1,HATFIELD_STOCKS,15800
96,1,92,1,COLLINGWOOD_STOCKS,15800
196,3,194,1,CHADS_STOCKS,15800
82,1,78,2,JOHNS_STOCKS,15800
203,1,197,2,CASTLE_STOCKS,15800
140,3,136,0,CUTHS_STOCKS,15800
101,0,97,1,HATFIELD_STOCKS,15900
95,0,91,0,COLLINGWOOD_STOCKS,15900
197,0,193,2,CHADS_STOCKS,15900
79,0,77,0,JOHNS_STOCKS,15900
204,0,196,0,CASTLE_STOCKS,15900
140,0,136,0,CUTHS_STOCKS,15900
100,0,96,1,HATFIELD_STOCKS,16000
95,2,91,1,COLLINGWOOD_STOCKS,16000
195,2,193,0,CHADS_STOCKS,16000
80,0,76,0,JOHNS_STOCKS,16000
204,6,196,1,CASTLE_STOCKS,16000
140,0,138,0,CUTHS_STOCKS,16000
99,0,97,4,HATFIELD_STOCKS,16100
95,0,91,0,COLLINGWOOD_STOCKS,16100
193,2,191,2,CHADS_STOCKS,16100
80,0,76,0,JOHNS_STOCKS,16100
204,11,196,2,CASTLE_STOCKS,16100
140,0,138,0,CUTHS_STOCKS,16100
100,1,96,2,HATFIELD_STOCKS,16200
95,0,91,0,COLLINGWOOD_STOCKS,16200
191,0,189,0,CHADS_STOCKS,16200
80,1,76,0,JOHNS_STOCKS,16200
205,0,197,4,CASTLE_STOCKS,16200
140,0,136,3,CUTHS_STOCKS,16200
100,0,96,0,HATFIELD_STOCKS,16300
94,3,90,3,COLLINGWOOD_STOCKS,16300
191,0,189,0,CHADS_STOCKS,16300
79,0,77,0,JOHNS_STOCKS,16300
205,3,197,2,CASTLE_STOCKS,16300
140,1,136,1,CUTHS_STOCKS,16300
101,0,97,1,HATFIELD_STOCKS,16400
95,2,91,0,COLLINGWOOD_STOCKS,16400
191,0,187,0,CHADS_STOCKS,16400
82,2,78,1,JOHNS_STOCKS,16400
205,6,197,3,CASTLE_STOCKS,16400
139,3,135,0,CUTHS_STOCKS,16400
103,2,99,3,HATFIELD_STOCKS,16500
94,2,92,4,COLLINGWOOD_STOCKS,16500
190,0,188,0,CHADS_STOCKS,16500
82,0,78,3,JOHNS_STOCKS,16500
205,3,197,4,CASTLE_STOCKS,16500
138,2,136,2,CUTHS_STOCKS,16500
103,2,99,1,HATFIELD_STOCKS,16600
96,3,92,0,COLLINGWOOD_STOCKS,16600
190,0,186,0,CHADS_STOCKS,16600
80,1,76,2,JOHNS_STOCKS,16600
203,0,197,0,CASTLE_STOCKS,16600
139,3,135,1,CUTHS_STOCKS,16600
103,0,99,0,HATFIELD_STOCKS,16700
96,0,94,0,COLLINGWOOD_STOCKS,16700
190,0,186,1,CHADS_STOCKS,16700
81,0,79,0,JOHNS_STOCKS,16700
205,2,197,3,CASTLE_STOCKS,16700
138,1,136,1,CUTHS_STOCKS,16700
101,2,99,3,HATFIELD_STOCKS,16800
97,0,93,0,COLLINGWOOD_STOCKS,16800
190,0,186,0,CHADS_STOCKS,16800
86,0,82,1,JOHNS_STOCKS,16800
203,6,197,6,CASTLE_STOCKS,16800
138,0,136,0,CUTHS_STOCKS,16800
102,0,98,1,HATFIELD_STOCKS,16900
98,3,94,2,COLLINGWOOD_STOCKS,16900
190,1,186,1,CHADS_STOCKS,16900
87,3,83,1,JOHNS_STOCKS,16900
204,5,196,8,CASTLE_STOCKS,16900
139,3,135,4,CUTHS_STOCKS,16900
102,0,98,0,HATFIELD_STOCKS,17000
97,0,93,0,COLLINGWOOD_STOCKS,17000
189,0,185,0,CHADS_STOCKS,17000
87,0,83,0,JOHNS_STOCKS,17000
204,2,196,1,CASTLE_STOCKS,17000
139,0,135,0,CUTHS_STOCKS,17000
102,0,98,0,HATFIELD_STOCKS,17100
97,0,93,0,COLLINGWOOD_STOCKS,17100
189,1,185,0,CHADS_STOCKS,17100
87,4,83,4,JOHNS_STOCKS,17100
204,0,198,0,CASTLE_STOCKS,17100
139,0,137,0,CUTHS_STOCKS,17100
101,0,97,1,HATFIELD_STOCKS,17200
97,0,93,0,COLLINGWOOD_STOCKS,17200
189,1,185,1,CHADS_STOCKS,17200
87,1,83,1,JOHNS_STOCKS,17200
203,1,197,3,CASTLE_STOCKS,17200
141,0,137,3,CUTHS_STOCKS,17200
101,0,97,0,HATFIELD_STOCKS,17300
98,0,94,0,COLLINGWOOD_STOCKS,17300
187,0,183,0,CHADS_STOCKS,17300
89,1,85,0,JOHNS_STOCKS,17300
203,4,197,4,CASTLE_STOCKS,17300
140,2,138,0,CUTHS_STOCKS,17300
99,0,97,0,HATFIELD_STOCKS,17400
96,1,94,1,COLLINGWOOD_STOCKS,17400
186,1,182,0,CHADS_STOCKS,17400
88,2,84,3,JOHNS_STOCKS,17400
203,2,197,1,CASTLE_STOCKS,17400
140,1,138,2,CUTHS_STOCKS,17400
100,0,98,0,HATFIELD_STOCKS,17500
97,0,93,0,COLLINGWOOD_STOCKS,17500
187,0,183,0,CHADS_STOCKS,17500
89,0,85,0,JOHNS_STOCKS,17500
204,1,196,8,CASTLE_STOCKS,17500
141,1,137,1,CUTHS_STOCKS,17500
99,0,97,0,HATFIELD_STOCKS,17600
95,1,93,1,COLLINGWOOD_STOCKS,17600
187,0,183,0,CHADS_STOCKS,17600
86,0,84,0,JOHNS_STOCKS,17600
204,1,196,1,CASTLE_STOCKS,17600
141,0,137,0,CUTHS_STOCKS,17600
101,0,97,4,HATFIELD_STOCKS,17700
96,1,92,2,COLLINGWOOD_STOCKS,17700
187,0,183,0,CHADS_STOCKS,17700
85,0,81,0,JOHNS_STOCKS,17700
204,12,198,10,CASTLE_STOCKS,17700
142,0,138,0,CUTHS_STOCKS,17700
101,3,97,3,HATFIELD_STOCKS,17800
96,3,94,1,COLLINGWOOD_STOCKS,17800
185,0,183,0,CHADS_STOCKS,17800
84,1,82,0,JOHNS_STOCKS,17800
203,8,197,8,CASTLE_STOCKS,17800
142,4,138,1,CUTHS_STOCKS,17800
101,1,99,2,HATFIELD_STOCKS,17900
98,2,96,4,COLLINGWOOD_STOCKS,17900
184,0,182,0,CHADS_STOCKS,17900
83,2,79,0,JOHNS_STOCKS,17900
203,10,197,2,CASTLE_STOCKS,17900
142,0,138,0,CUTHS_STOCKS,17900
102,2,98,1,HATFIELD_STOCKS,18000
99,2,97,0,COLLINGWOOD_STOCKS,18000
185,1,181,0,CHADS_STOCKS,18000
81,0,79,0,JOHNS_STOCKS,18000
203,6,195,7,CASTLE_STOCKS,18000
141,4,137,4,CUTHS_STOCKS,18000
101,4,99,0,HATFIELD_STOCKS,18100
99,1,95,1,COLLINGWOOD_STOCKS,18100
184,0,182,0,CHADS_STOCKS,18100
86,1,82,0,JOHNS_STOCKS,18100
203,1,195,0,CASTLE_STOCKS,18100
141,3,137,2,CUTHS_STOCKS,18100
102,1,98,0,HATFIELD_STOCKS,18200
101,0,97,0,COLLINGWOOD_STOCKS,18200
187,1,183,4,CHADS_STOCKS,18200
87,1,83,0,JOHNS_STOCKS,18200
201,6,195,1,CASTLE_STOCKS,18200
141,2,137,0,CUTHS_STOCKS,18200
102,2,98,3,HATFIELD_STOCKS,18300
99,1,97,0,COLLINGWOOD_STOCKS,18300
188,0,184,1,CHADS_STOCKS,18300
88,4,84,0,JOHNS_STOCKS,18300
201,4,195,5,CASTLE_STOCKS,18300
141,0,137,2,CUTHS_STOCKS,18300
103,0,99,0,HATFIELD_STOCKS,18400
101,0,97,0,COLLINGWOOD_STOCKS,18400
185,0,181,0,CHADS_STOCKS,18400
88,1,86,1,JOHNS_STOCKS,18400
201,0,195,0,CASTLE_STOCKS,18400
141,1,137,1,CUTHS_STOCKS,18400
102,0,100,4,HATFIELD_STOCKS,18500
99,2,97,0,COLLINGWOOD_STOCKS,18500
184,4,182,2,CHADS_STOCKS,18500
88,0,86,0,JOHNS_STOCKS,18500
202,3,194,12,CASTLE_STOCKS,18500
140,1,136,1,CUTHS_STOCKS,18500
103,0,101,2,HATFIELD_STOCKS,18600
100,0,96,0,COLLINGWOOD_STOCKS,18600
186,0,182,0,CHADS_STOCKS,18600
89,3,85,4,JOHNS_STOCKS,18600
202,5,194,5,CASTLE_STOCKS,18600
140,1,136,0,CUTHS_STOCKS,18600
103,0,101,0,HATFIELD_STOCKS,18700
99,0,97,2,COLLINGWOOD_STOCKS,18700
187,2,183,1,CHADS_STOCKS,18700
89,0,85,0,JOHNS_STOCKS,18700
201,1,195,1,CASTLE_STOCKS,18700
140,1,136,2,CUTHS_STOCKS,18700
103,1,101,3,HATFIELD_STOCKS,18800
99,0,97,0,COLLINGWOOD_STOCKS,18800
190,4,188,1,CHADS_STOCKS,18800
88,3,84,1,JOHNS_STOCKS,18800
202,0,194,1,CASTLE_STOCKS,18800
141,3,137,0,CUTHS_STOCKS,18800
104,2,100,1,HATFIELD_STOCKS,18900
101,2,97,2,COLLINGWOOD_STOCKS,18900
191,1,187,0,CHADS_STOCKS,18900
87,0,83,0,JOHNS_STOCKS,18900
202,0,194,0,CASTLE_STOCKS,18900
141,2,137,1,CUTHS_STOCKS,18900
104,0,100,1,HATFIELD_STOCKS,19000
102,1,98,0,COLLINGWOOD_STOCKS,19000
191,0,189,0,CHADS_STOCKS,19000
87,0,83,2,JOHNS_STOCKS,19000
202,0,194,0,CASTLE_STOCKS,19000
140,0,138,0,CUTHS_STOCKS,19000
104,1,100,0,HATFIELD_STOCKS,19100
102,1,98,1,COLLINGWOOD_STOCKS,19100
193,0,189,0,CHADS_STOCKS,19100
88,0,84,3,JOHNS_STOCKS,19100
201,4,195,6,CASTLE_STOCKS,19100
139,0,137,0,CUTHS_STOCKS,19100
106,3,102,0,HATFIELD_STOCKS,19200
102,3,100,4,COLLINGWOOD_STOCKS,19200
193,0,189,1,CHADS_STOCKS,19200
89,1,85,2,JOHNS_STOCKS,19200
202,7,196,9,CASTLE_STOCKS,19200
140,0,138,3,CUTHS_STOCKS,19200
106,2,102,0,HATFIELD_STOCKS,19300
103,2,99,1,COLLINGWOOD_STOCKS,19300
193,1,189,2,CHADS_STOCKS,19300
89,2,85,4,JOHNS_STOCKS,19300
202,3,196,0,CASTLE_STOCKS,19300
141,2,137,0,CUTHS_STOCKS,19300
107,0,103,0,HATFIELD_STOCKS,19400
104,1,100,1,COLLINGWOOD_STOCKS,19400
193,2,191,0,CHADS_STOCKS,19400
88,0,84,0,JOHNS_STOCKS,19400
202,2,194,2,CASTLE_STOCKS,19400
140,1,138,1,CUTHS_STOCKS,19400
107,1,103,1,HATFIELD_STOCKS,19500
103,0,99,0,COLLINGWOOD_STOCKS,19500
193,1,189,1,CHADS_STOCKS,19500
88,2,86,3,JOHNS_STOCKS,19500
202,0,194,0,CASTLE_STOCKS,19500
142,0,138,1,CUTHS_STOCKS,19500
107,4,103,4,HATFIELD_STOCKS,19600
103,0,99,0,COLLINGWOOD_STOCKS,19600
194,0,190,0,CHADS_STOCKS,19600
92,0,88,0,JOHNS_STOCKS,19600
201,0,195,0,CASTLE_STOCKS,19600
141,0,137,0,CUTHS_STOCKS,19600
107,0,105,0,HATFIELD_STOCKS,19700
103,0,101,1,COLLINGWOOD_STOCKS,19700
195,0,191,1,CHADS_STOCKS,19700
94,1,90,1,JOHNS_STOCKS,19700
202,0,196,0,CASTLE_STOCKS,19700
142,0,140,0,CUTHS_STOCKS,19700
107,0,103,0,HATFIELD_STOCKS,19800
104,3,100,0,COLLINGWOOD_STOCKS,19800
194,1,192,4,CHADS_STOCKS,19800
93,0,89,1,JOHNS_STOCKS,19800
202,8,194,4,CASTLE_STOCKS,19800
142,0,138,0,CUTHS_STOCKS,19800
106,1,104,1,HATFIELD_STOCKS,19900
104,0,100,0,COLLINGWOOD_STOCKS,19900
194,0,190,0,CHADS_STOCKS,19900
91,0,87,0,JOHNS_STOCKS,19900
201,0,195,2,CASTLE_STOCKS,19900
141,2,139,1,CUTHS_STOCKS,19900
106,1,104,0,HATFIELD_STOCKS,20000
102,4,98,1,COLLINGWOOD_STOCKS,20000
194,0,192,0,CHADS_STOCKS,20000
91,2,87,2,JOHNS_STOCKS,20000
201,1,193,2,CASTLE_STOCKS,20000
141,0,137,0,CUTHS_STOCKS,20000
107,0,103,0,HATFIELD_STOCKS,20100
102,4,100,2,COLLINGWOOD_STOCKS,20100
194,1,192,1,CHADS_STOCKS,20100
91,4,87,4,JOHNS_STOCKS,20100
201,5,193,1,CASTLE_STOCKS,20100
141,0,137,2,CUTHS_STOCKS,20100
105,0,103,1,HATFIELD_STOCKS,20200
102,2,100,2,COLLINGWOOD_STOCKS,20200
194,0,190,0,CHADS_STOCKS,20200
89,0,87,0,JOHNS_STOCKS,20200
201,0,193,0,CASTLE_STOCKS,20200
141,0,137,1,CUTHS_STOCKS,20200
106,1,102,1,HATFIELD_STOCKS,20300
102,0,100,2,COLLINGWOOD_STOCKS,20300
195,0,191,0,CHADS_STOCKS,20300
88,4,86,1,JOHNS_STOCKS,20300
200,2,194,1,CASTLE_STOCKS,20300
142,0,138,0,CUTHS_STOCKS,20300
106,0,102,1,HATFIELD_STOCKS,20400
102,0,98,1,COLLINGWOOD_STOCKS,20400
195,4,191,2,CHADS_STOCKS,20400
87,4,83,2,JOHNS_STOCKS,20400
201,5,193,7,CASTLE_STOCKS,20400
141,1,139,2,CUTHS_STOCKS,20400
106,0,102,0,HATFIELD_STOCKS,20500
101,0,97,0,COLLINGWOOD_STOCKS,20500
197,0,193,0,CHADS_STOCKS,20500
87,0,83,0,JOHNS_STOCKS,20500
202,0,194,1,CASTLE_STOCKS,20500
144,0,140,0,CUTHS_STOCKS,20500
106,1,102,2,HATFIELD_STOCKS,20600
101,1,97,4,COLLINGWOOD_STOCKS,20600
197,0,195,0,CHADS_STOCKS,20600
86,0,82,1,JOHNS_STOCKS,20600
200,1,194,4,CASTLE_STOCKS,20600
142,0,140,0,CUTHS_STOCKS,20600
107,0,103,1,HATFIELD_STOCKS,20700
101,4,97,1,COLLINGWOOD_STOCKS,20700
197,1,195,2,CHADS_STOCKS,20700
84,1,82,1,JOHNS_STOCKS,20700
200,6,194,4,CASTLE_STOCKS,20700
143,0,139,2,CUTHS_STOCKS,20700
107,3,103,2,HATFIELD_STOCKS,20800
101,0,99,1,COLLINGWOOD_STOCKS,20800
198,2,194,0,CHADS_STOCKS,20800
84,0,80,0,JOHNS_STOCKS,20800
201,0,193,0,CASTLE_STOCKS,20800
142,2,138,1,CUTHS_STOCKS,20800
105,0,103,0,HATFIELD_STOCKS,20900
100,0,98,0,COLLINGWOOD_STOCKS,20900
198,2,194,0,CHADS_STOCKS,20900
86,0,82,0,JOHNS_STOCKS,20900
200,1,194,10,CASTLE_STOCKS,20900
141,0,139,0,CUTHS_STOCKS,20900
106,2,104,3,HATFIELD_STOCKS,21000
103,0,99,0,COLLINGWOOD_STOCKS,21000
198,0,194,2,CHADS_STOCKS,21000
87,0,83,0,JOHNS_STOCKS,21000
200,3,194,2,CASTLE_STOCKS,21000
142,1,138,0,CUTHS_STOCKS,21000
106,0,102,0,HATFIELD_STOCKS,21100
102,1,98,2,COLLINGWOOD_STOCKS,21100
196,0,192,1,CHADS_STOCKS,21100
86,0,84,0,JOHNS_STOCKS,21100
202,0,194,5,CASTLE_STOCKS,21100
143,0,139,1,CUTHS_STOCKS,21100
107,3,103,2,HATFIELD_STOCKS,21200
102,3,98,2,COLLINGWOOD_STOCKS,21200
194,0,192,0,CHADS_STOCKS,21200
85,0,83,1,JOHNS_STOCKS,21200
201,0,193,0,CASTLE_STOCKS,21200
142,0,138,0,CUTHS_STOCKS,21200
107,2,103,0,HATFIELD_STOCKS,21300
103,1,99,2,COLLINGWOOD_STOCKS,21300
194,1,192,1,CHADS_STOCKS,21300
82,0,80,0,JOHNS_STOCKS,21300
202,2,194,1,CASTLE_STOCKS,21300
142,0,138,1,CUTHS_STOCKS,21300
107,1,103,4,HATFIELD_STOCKS,21400
102,0,98,0,COLLINGWOOD_STOCKS,21400
195,0,193,1,CHADS_STOCKS,21400
82,0,80,0,JOHNS_STOCKS,21400
202,3,194,2,CASTLE_STOCKS,21400
141,0,139,1,CUTHS_STOCKS,21400
108,1,104,1,HATFIELD_STOCKS,21500
103,4,99,0,COLLINGWOOD_STOCKS,21500
195,3,193,4,CHADS_STOCKS,21500
82,1,80,2,JOHNS_STOCKS,21500
201,0,193,0,CASTLE_STOCKS,21500
143,0,139,0,CUTHS_STOCKS,21500
109,0,105,3,HATFIELD_STOCKS,21600
104,1,100,0,COLLINGWOOD_STOCKS,21600
194,0,192,0,CHADS_STOCKS,21600
83,1,79,1,JOHNS_STOCKS,21600
202,3,194,1,CASTLE_STOCKS,21600
142,0,138,0,CUTHS_STOCKS,21600
108,0,104,0,HATFIELD_STOCKS,21700
104,0,100,2,COLLINGWOOD_STOCKS,21700
194,1,190,1,CHADS_STOCKS,21700
81,0,79,0,JOHNS_STOCKS,21700
200,2,194,2,CASTLE_STOCKS,21700
141,1,137,2,CUTHS_STOCKS,21700
109,0,105,0,HATFIELD_STOCKS,21800
104,0,100,0,COLLINGWOOD_STOCKS,21800
193,1,191,1,CHADS_STOCKS,21800
81,3,77,0,JOHNS_STOCKS,21800
201,0,193,0,CASTLE_STOCKS,21800
139,2,137,3,CUTHS_STOCKS,21800
108,0,106,0,HATFIELD_STOCKS,21900
103,0,101,1,COLLINGWOOD_STOCKS,21900
195,0,191,0,CHADS_STOCKS,21900
82,0,80,0,JOHNS_STOCKS,21900
201,0,193,3,CASTLE_STOCKS,21900
140,2,138,2,CUTHS_STOCKS,21900
109,0,107,0,HATFIELD_STOCKS,22000
104,0,100,0,COLLINGWOOD_STOCKS,22000
194,0,190,0,CHADS_STOCKS,22000
81,0,79,0,JOHNS_STOCKS,22000
200,0,194,1,CASTLE_STOCKS,22000
140,0,136,3,CUTHS_STOCKS,22000
110,1,106,0,HATFIELD_STOCKS,22100
103,1,99,2,COLLINGWOOD_STOCKS,22100
194,0,190,0,CHADS_STOCKS,22100
81,0,77,0,JOHNS_STOCKS,22100
200,0,194,1,CASTLE_STOCKS,22100
139,0,137,0,CUTHS_STOCKS,22100
111,0,107,0,HATFIELD_STOCKS,22200
105,0,101,1,COLLINGWOOD_STOCKS,22200
195,0,191,1,CHADS_STOCKS,22200
82,1,78,1,JOHNS_STOCKS,22200
201,6,193,4,CASTLE_STOCKS,22200
141,1,137,0,CUTHS_STOCKS,22200
110,2,108,0,HATFIELD_STOCKS,22300
104,1,102,0,COLLINGWOOD_STOCKS,22300
194,2,192,0,CHADS_STOCKS,22300
80,1,76,1,JOHNS_STOCKS,22300
201,1,193,6,CASTLE_STOCKS,22300
140,0,138,2,CUTHS_STOCKS,22300
111,3,109,0,HATFIELD_STOCKS,22400
105,0,101,1,COLLINGWOOD_STOCKS,22400
196,3,192,0,CHADS_STOCKS,22400
80,1,78,2,JOHNS_STOCKS,22400
201,3,193,0,CASTLE_STOCKS,22400
140,1,138,0,CUTHS_STOCKS,22400
112,1,108,1,HATFIELD_STOCKS,22500
105,0,101,0,COLLINGWOOD_STOCKS,22500
197,0,193,0,CHADS_STOCKS,22500
78,0,76,0,JOHNS_STOCKS,22500
201,2,193,0,CASTLE_STOCKS,22500
140,0,138,0,CUTHS_STOCKS,22500
113,3,109,4,HATFIELD_STOCKS,22600
105,1,103,1,COLLINGWOOD_STOCKS,22600
196,0,194,0,CHADS_STOCKS,22600
79,0,75,0,JOHNS_STOCKS,22600
201,4,193,0,CASTLE_STOCKS,22600
140,0,138,0,CUTHS_STOCKS,22600
111,3,107,3,HATFIELD_STOCKS,22700
106,0,102,0,COLLINGWOOD_STOCKS,22700
198,1,194,2,CHADS_STOCKS,22700
78,1,76,1,JOHNS_STOCKS,22700
200,8,194,11,CASTLE_STOCKS,22700
141,1,137,0,CUTHS_STOCKS,22700
111,0,107,0,HATFIELD_STOCKS,22800
105,1,101,0,COLLINGWOOD_STOCKS,22800
197,2,195,0,CHADS_STOCKS,22800
81,1,77,1,JOHNS_STOCKS,22800
201,2,193,2,CASTLE_STOCKS,22800
142,0,138,2,CUTHS_STOCKS,22800
111,4,107,4,HATFIELD_STOCKS,22900
105,0,101,0,COLLINGWOOD_STOCKS,22900
199,0,195,3,CHADS_STOCKS,22900
81,0,77,0,JOHNS_STOCKS,22900
200,5,194,1,CASTLE_STOCKS,22900
141,0,137,2,CUTHS_STOCKS,22900
110,1,108,0,HATFIELD_STOCKS,23000
106,1,102,1,COLLINGWOOD_STOCKS,23000
201,0,197,0,CHADS_STOCKS,23000
80,2,78,2,JOHNS_STOCKS,23000
201,5,193,0,CASTLE_STOCKS,23000
140,0,138,0,CUTHS_STOCKS,23000
110,1,108,0,HATFIELD_STOCKS,23100
107,2,103,1,COLLINGWOOD_STOCKS,23100
200,3,196,3,CHADS_STOCKS,23100
80,3,78,3,JOHNS_STOCKS,23100
201,0,193,0,CASTLE_STOCKS,23100
139,2,137,0,CUTHS_STOCKS,23100
110,1,108,0,HATFIELD_STOCKS,23200
107,1,103,2,COLLINGWOOD_STOCKS,23200
199,1,197,0,CHADS_STOCKS,23200
83,1,79,0,JOHNS_STOCKS,23200
201,2,193,2,CASTLE_STOCKS,23200
141,1,137,2,CUTHS_STOCKS,23200
111,0,109,0,HATFIELD_STOCKS,23300
107,1,103,1,COLLINGWOOD_STOCKS,23300
199,1,195,2,CHADS_STOCKS,23300
83,1,79,2,JOHNS_STOCKS,23300
201,0,193,0,CASTLE_STOCKS,23300
141,0,137,1,CUTHS_STOCKS,23300
112,0,108,0,HATFIELD_STOCKS,23400
105,0,103,0,COLLINGWOOD_STOCKS,23400
197,2,193,3,CHADS_STOCKS,23400
83,2,81,0,JOHNS_STOCKS,23400
201,5,193,2,CASTLE_STOCKS,23400
140,0,138,0,CUTHS_STOCKS,23400
111,0,107,4,HATFIELD_STOCKS,23500
105,1,103,1,COLLINGWOOD_STOCKS,23500
197,0,193,0,CHADS_STOCKS,23500
84,0,80,0,JOHNS_STOCKS,23500
201,3,193,2,CASTLE_STOCKS,23500
141,0,137,0,CUTHS_STOCKS,23500
110,1,106,0,HATFIELD_STOCKS,23600
105,0,101,1,COLLINGWOOD_STOCKS,23600
196,0,192,2,CHADS_STOCKS,23600
85,4,81,3,JOHNS_STOCKS,23600
201,1,193,2,CASTLE_STOCKS,23600
141,3,139,0,CUTHS_STOCKS,23600
109,1,105,0,HATFIELD_STOCKS,23700
105,1,101,0,COLLINGWOOD_STOCKS,23700
198,1,194,1,CHADS_STOCKS,23700
85,0,81,0,JOHNS_STOCKS,23700
200,1,194,2,CASTLE_STOCKS,23700
141,0,137,0,CUTHS_STOCKS,23700
109,0,105,3,HATFIELD_STOCKS,23800
105,3,101,2,COLLINGWOOD_STOCKS,23800
199,2,195,1,CHADS_STOCKS,23800
85,3,83,1,JOHNS_STOCKS,23800
201,5,193,2,CASTLE_STOCKS,23800
141,2,139,2,CUTHS_STOCKS,23800
107,3,103,3,HATFIELD_STOCKS,23900
103,2,101,1,COLLINGWOOD_STOCKS,23900
199,0,195,0,CHADS_STOCKS,23900
86,0,82,1,JOHNS_STOCKS,23900
201,3,193,1,CASTLE_STOCKS,23900
142,0,138,0,CUTHS_STOCKS,23900
108,3,104,3,HATFIELD_STOCKS,24000
105,0,101,0,COLLINGWOOD_STOCKS,24000
199,1,195,0,CHADS_STOCKS,24000
85,0,81,0,JOHNS_STOCKS,24000
201,5,193,6,CASTLE_STOCKS,24000
141,0,139,0,CUTHS_STOCKS,24000
109,1,105,1,HATFIELD_STOCKS,24100
104,3,100,3,COLLINGWOOD_STOCKS,24100
198,3,196,1,CHADS_STOCKS,24100
84,1,82,1,JOHNS_STOCKS,24100
200,5,194,0,CASTLE_STOCKS,24100
141,0,139,0,CUTHS_STOCKS,24100
109,0,105,0,HATFIELD_STOCKS,24200
104,2,102,0,COLLINGWOOD_STOCKS,24200
199,2,197,4,CHADS_STOCKS,24200
87,2,85,0,JOHNS_STOCKS,24200
200,0,194,0,CASTLE_STOCKS,24200
142,1,140,3,CUTHS_STOCKS,24200
107,0,105,0,HATFIELD_STOCKS,24300
103,2,101,0,COLLINGWOOD_STOCKS,24300
199,0,195,0,CHADS_STOCKS,24300
87,0,85,0,JOHNS_STOCKS,24300
200,5,194,4,CASTLE_STOCKS,24300
142,2,140,0,CUTHS_STOCKS,24300
108,0,104,0,HATFIELD_STOCKS,24400
105,0,101,1,COLLINGWOOD_STOCKS,24400
198,0,196,0,CHADS_STOCKS,24400
89,0,85,0,JOHNS_STOCKS,24400
201,2,193,11,CASTLE_STOCKS,24400
143,1,139,2,CUTHS_STOCKS,24400
107,0,103,0,HATFIELD_STOCKS,24500
105,0,103,0,COLLINGWOOD_STOCKS,24500
198,2,194,4,CHADS_STOCKS,24500
89,1,85,0,JOHNS_STOCKS,24500
201,12,193,1,CASTLE_STOCKS,24500
143,0,139,0,CUTHS_STOCKS,24500
108,1,104,2,HATFIELD_STOCKS,24600
105,0,101,0,COLLINGWOOD_STOCKS,24600
196,2,192,1,CHADS_STOCKS,24600
89,0,85,0,JOHNS_STOCKS,24600
201,3,193,0,CASTLE_STOCKS,24600
143,4,139,4,CUTHS_STOCKS,24600
109,2,105,0,HATFIELD_STOCKS,24700
104,2,100,0,COLLINGWOOD_STOCKS,24700
198,0,194,0,CHADS_STOCKS,24700
89,0,85,0,JOHNS_STOCKS,24700
200,8,194,1,CASTLE_STOCKS,24700
143,2,141,0,CUTHS_STOCKS,24700
109,0,107,0,HATFIELD_STOCKS,24800
104,0,100,0,COLLINGWOOD_STOCKS,24800
198,1,194,2,CHADS_STOCKS,24800
90,0,86,0,JOHNS_STOCKS,24800
200,0,194,10,CASTLE_STOCKS,24800
143,3,141,4,CUTHS_STOCKS,24800
110,1,106,0,HATFIELD_STOCKS,24900
105,0,101,3,COLLINGWOOD_STOCKS,24900
197,2,193,2,CHADS_STOCKS,24900
87,0,83,0,JOHNS_STOCKS,24900
201,10,193,1,CASTLE_STOCKS,24900
144,0,140,1,CUTHS_STOCKS,24900
111,0,107,0,HATFIELD_STOCKS,25000
106,4,102,4,COLLINGWOOD_STOCKS,25000
198,1,194,2,CHADS_STOCKS,25000
86,1,84,0,JOHNS_STOCKS,25000
202,2,194,4,CASTLE_STOCKS,25000
145,4,141,2,CUTHS_STOCKS,25000
111,0,109,0,HATFIELD_STOCKS,25100
106,0,102,0,COLLINGWOOD_STOCKS,25100
199,0,195,2,CHADS_STOCKS,25100
83,0,81,0,JOHNS_STOCKS,25100
202,7,194,0,CASTLE_STOCKS,25100
145,2,141,3,CUTHS_STOCKS,25100
112,2,110,0,HATFIELD_STOCKS,25200
106,1,102,1,COLLINGWOOD_STOCKS,25200
200,2,198,2,CHADS_STOCKS,25200
85,0,83,0,JOHNS_STOCKS,25200
201,0,195,2,CASTLE_STOCKS,25200
144,0,142,1,CUTHS_STOCKS,25200
113,2,109,0,HATFIELD_STOCKS,25300
107,1,103,4,COLLINGWOOD_STOCKS,25300
197,3,193,4,CHADS_STOCKS,25300
86,0,82,1,JOHNS_STOCKS,25300
201,6,195,0,CASTLE_STOCKS,25300
143,0,139,1,CUTHS_STOCKS,25300
111,2,107,4,HATFIELD_STOCKS,25400
105,0,103,2,COLLINGWOOD_STOCKS,25400
197,0,193,0,CHADS_STOCKS,25400
85,2,81,2,JOHNS_STOCKS,25400
201,0,195,0,CASTLE_STOCKS,25400
142,2,138,0,CUTHS_STOCKS,25400
111,1,107,3,HATFIELD_STOCKS,25500
104,1,102,0,COLLINGWOOD_STOCKS,25500
198,2,194,0,CHADS_STOCKS,25500
84,0,82,0,JOHNS_STOCKS,25500
201,0,193,0,CASTLE_STOCKS,25500
141,0,137,0,CUTHS_STOCKS,25500
110,0,106,0,HATFIELD_STOCKS,25600
106,0,102,0,COLLINGWOOD_STOCKS,25600
197,1,195,1,CHADS_STOCKS,25600
84,0,80,0,JOHNS_STOCKS,25600
199,7,193,3,CASTLE_STOCKS,25600
141,0,137,0,CUTHS_STOCKS,25600
110,0,106,0,HATFIELD_STOCKS,25700
106,3,102,2,COLLINGWOOD_STOCKS,25700
199,0,195,0,CHADS_STOCKS,25700
84,1,80,0,JOHNS_STOCKS,25700
200,1,192,1,CASTLE_STOCKS,25700
142,2,138,2,CUTHS_STOCKS,25700
110,0,108,0,HATFIELD_STOCKS,25800
107,0,103,0,COLLINGWOOD_STOCKS,25800
196,1,194,1,CHADS_STOCKS,25800
83,1,81,1,JOHNS_STOCKS,25800
200,8,192,5,CASTLE_STOCKS,25800
142,0,138,0,CUTHS_STOCKS,25800
111,0,107,0,HATFIELD_STOCKS,25900
107,4,103,4,COLLINGWOOD_STOCKS,25900
196,1,192,1,CHADS_STOCKS,25900
86,4,84,3,JOHNS_STOCKS,25900
199,2,193,3,CASTLE_STOCKS,25900
141,2,139,2,CUTHS_STOCKS,25900
111,1,107,1,HATFIELD_STOCKS,26000
107,3,103,0,COLLINGWOOD_STOCKS,26000
193,0,189,0,CHADS_STOCKS,26000
86,0,82,0,JOHNS_STOCKS,26000
200,0,192,0,CASTLE_STOCKS,26000
141,0,137,0,CUTHS_STOCKS,26000
112,0,108,0,HATFIELD_STOCKS,26100
108,4,104,3,COLLINGWOOD_STOCKS,26100
195,3,191,1,CHADS_STOCKS,26100
85,2,83,2,JOHNS_STOCKS,26100
200,0,192,3,CASTLE_STOCKS,26100
141,0,137,0,CUTHS_STOCKS,26100
113,2,109,0,HATFIELD_STOCKS,26200
108,0,106,0,COLLINGWOOD_STOCKS,26200
195,1,191,0,CHADS_STOCKS,26200
84,0,82,0,JOHNS_STOCKS,26200
200,0,192,0,CASTLE_STOCKS,26200
140,0,138,0,CUTHS_STOCKS,26200
111,3,109,0,HATFIELD_STOCKS,26300
110,0,106,0,COLLINGWOOD_STOCKS,26300
194,0,190,2,CHADS_STOCKS,26300
84,1,82,4,JOHNS_STOCKS,26300
200,0,192,5,CASTLE_STOCKS,26300
141,0,137,0,CUTHS_STOCKS,26300
111,0,109,2,HATFIELD_STOCKS,26400
110,1,106,1,COLLINGWOOD_STOCKS,26400
193,4,191,0,CHADS_STOCKS,26400
84,2,80,2,JOHNS_STOCKS,26400
199,0,191,2,CASTLE_STOCKS,26400
141,0,137,0,CUTHS_STOCKS,26400
112,4,108,4,HATFIELD_STOCKS,26500
108,0,106,0,COLLINGWOOD_STOCKS,26500
196,0,192,2,CHADS_STOCKS,26500
84,1,80,3,JOHNS_STOCKS,26500
200,7,192,7,CASTLE_STOCKS,26500
142,2,138,0,CUTHS_STOCKS,26500
113,2,109,2,HATFIELD_STOCKS,26600
108,1,104,0,COLLINGWOOD_STOCKS,26600
193,2,189,3,CHADS_STOCKS,26600
84,1,80,1,JOHNS_STOCKS,26600
200,0,192,0,CASTLE_STOCKS,26600
141,0,139,0,CUTHS_STOCKS,26600
112,1,110,0,HATFIELD_STOCKS,26700
107,0,103,4,COLLINGWOOD_STOCKS,26700
194,2,190,0,CHADS_STOCKS,26700
83,1,81,0,JOHNS_STOCKS,26700
200,0,192,1,CASTLE_STOCKS,26700
142,1,138,0,CUTHS_STOCKS,26700
114,0,110,0,HATFIELD_STOCKS,26800
106,1,104,0,COLLINGWOOD_STOCKS,26800
194,1,192,0,CHADS_STOCKS,26800
83,0,81,0,JOHNS_STOCKS,26800
200,7,192,1,CASTLE_STOCKS,26800
140,2,138,0,CUTHS_STOCKS,26800
115,0,111,0,HATFIELD_STOCKS,26900
108,0,104,0,COLLINGWOOD_STOCKS,26900
195,0,191,0,CHADS_STOCKS,26900
84,0,80,0,JOHNS_STOCKS,26900
200,9,192,3,CASTLE_STOCKS,26900
141,1,137,0,CUTHS_STOCKS,26900
114,1,110,2,HATFIELD_STOCKS,27000
105,4,103,0,COLLINGWOOD_STOCKS,27000
195,3,191,2,CHADS_STOCKS,27000
84,0,80,0,JOHNS_STOCKS,27000
199,3,193,2,CASTLE_STOCKS,27000
139,2,137,1,CUTHS_STOCKS,27000
112,2,110,0,HATFIELD_STOCKS,27100
106,2,102,1,COLLINGWOOD_STOCKS,27100
195,0,193,0,CHADS_STOCKS,27100
84,1,82,1,JOHNS_STOCKS,27100
199,7,193,2,CASTLE_STOCKS,27100
140,0,136,0,CUTHS_STOCKS,27100
113,0,109,2,HATFIELD_STOCKS,27200
105,0,103,1,COLLINGWOOD_STOCKS,27200
196,0,192,1,CHADS_STOCKS,27200
86,1,82,3,JOHNS_STOCKS,27200
199,2,191,7,CASTLE_STOCKS,27200
139,1,137,3,CUTHS_STOCKS,27200
112,0,108,0,HATFIELD_STOCKS,27300
107,0,103,0,COLLINGWOOD_STOCKS,27300
196,0,192,1,CHADS_STOCKS,27300
85,0,81,0,JOHNS_STOCKS,27300
198,0,192,2,CASTLE_STOCKS,27300
139,1,137,1,CUTHS_STOCKS,27300
113,0,109,2,HATFIELD_STOCKS,27400
105,3,103,0,COLLINGWOOD_STOCKS,27400
196,0,192,1,CHADS_STOCKS,27400
81,1,79,2,JOHNS_STOCKS,27400
199,7,191,8,CASTLE_STOCKS,27400
138,1,136,0,CUTHS_STOCKS,27400
113,0,109,0,HATFIELD_STOCKS,27500
106,1,102,0,COLLINGWOOD_STOCKS,27500
197,0,193,0,CHADS_STOCKS,27500
83,2,79,1,JOHNS_STOCKS,27500
200,2,192,2,CASTLE_STOCKS,27500
139,0,135,1,CUTHS_STOCKS,27500
110,0,108,0,HATFIELD_STOCKS,27600
106,0,102,0,COLLINGWOOD_STOCKS,27600
197,0,195,0,CHADS_STOCKS,27600
83,2,81,0,JOHNS_STOCKS,27600
199,0,191,0,CASTLE_STOCKS,27600
139,0,135,0,CUTHS_STOCKS,27600
112,0,108,2,HATFIELD_STOCKS,27700
105,0,103,0,COLLINGWOOD_STOCKS,27700
199,0,195,1,CHADS_STOCKS,27700
83,0,81,0,JOHNS_STOCKS,27700
199,3,191,2,CASTLE_STOCKS,27700
138,0,136,0,CUTHS_STOCKS,27700
111,0,109,2,HATFIELD_STOCKS,27800
106,1,102,0,COLLINGWOOD_STOCKS,27800
198,2,196,1,CHADS_STOCKS,27800
86,0,82,3,JOHNS_STOCKS,27800
199,2,191,0,CASTLE_STOCKS,27800
138,0,136,3,CUTHS_STOCKS,27800
110,0,108,0,HATFIELD_STOCKS,27900
105,1,103,3,COLLINGWOOD_STOCKS,27900
198,1,196,1,CHADS_STOCKS,27900
83,1,81,0,JOHNS_STOCKS,27900
199,7,191,5,CASTLE_STOCKS,27900
139,2,135,0,CUTHS_STOCKS,27900
111,0,107,0,HATFIELD_STOCKS,28000
106,4,102,2,COLLINGWOOD_STOCKS,28000
200,1,196,1,CHADS_STOCKS,28000
85,0,81,2,JOHNS_STOCKS,28000
199,3,193,3,CASTLE_STOCKS,28000
140,0,136,0,CUTHS_STOCKS,28000
111,0,109,2,HATFIELD_STOCKS,28100
107,3,103,0,COLLINGWOOD_STOCKS,28100
202,0,198,1,CHADS_STOCKS,28100
85,1,81,1,JOHNS_STOCKS,28100
200,0,192,0,CASTLE_STOCKS,28100
140,2,136,0,CUTHS_STOCKS,28100
110,0,106,2,HATFIELD_STOCKS,28200
106,0,102,2,COLLINGWOOD_STOCKS,28200
205,3,201,0,CHADS_STOCKS,28200
85,1,81,0,JOHNS_STOCKS,28200
200,4,192,10,CASTLE_STOCKS,28200
141,0,137,0,CUTHS_STOCKS,28200
111,4,107,3,HATFIELD_STOCKS,28300
106,0,102,1,COLLINGWOOD_STOCKS,28300
206,2,202,0,CHADS_STOCKS,28300
83,0,81,0,JOHNS_STOCKS,28300
200,4,192,1,CASTLE_STOCKS,28300
140,0,136,0,CUTHS_STOCKS,28300
110,0,106,0,HATFIELD_STOCKS,28400
106,0,102,0,COLLINGWOOD_STOCKS,28400
207,0,203,0,CHADS_STOCKS,28400
85,2,81,2,JOHNS_STOCKS,28400
198,0,192,0,CASTLE_STOCKS,28400
140,1,136,2,CUTHS_STOCKS,28400
110,3,106,3,HATFIELD_STOCKS,28500
105,4,103,0,COLLINGWOOD_STOCKS,28500
207,0,205,3,CHADS_STOCKS,28500
85,2,83,3,JOHNS_STOCKS,28500
198,0,192,0,CASTLE_STOCKS,28500
139,0,137,0,CUTHS_STOCKS,28500
110,4,108,4,HATFIELD_STOCKS,28600
108,3,104,3,COLLINGWOOD_STOCKS,28600
210,1,208,1,CHADS_STOCKS,28600
84,0,82,0,JOHNS_STOCKS,28600
198,3,190,3,CASTLE_STOCKS,28600
138,2,136,2,CUTHS_STOCKS,28600
111,2,107,4,HATFIELD_STOCKS,28700
107,0,103,0,COLLINGWOOD_STOCKS,28700
211,1,209,2,CHADS_STOCKS,28700
85,0,81,0,JOHNS_STOCKS,28700
198,8,190,7,CASTLE_STOCKS,28700
137,1,135,0,CUTHS_STOCKS,28700
111,1,109,1,HATFIELD_STOCKS,28800
106,0,104,1,COLLINGWOOD_STOCKS,28800
211,0,209,0,CHADS_STOCKS,28800
85,1,81,0,JOHNS_STOCKS,28800
198,1,190,11,CASTLE_STOCKS,28800
139,0,135,0,CUTHS_STOCKS,28800
111,0,109,0,HATFIELD_STOCKS,28900
107,2,103,1,COLLINGWOOD_STOCKS,28900
210,0,208,0,CHADS_STOCKS,28900
86,1,82,1,JOHNS_STOCKS,28900
198,12,190,8,CASTLE_STOCKS,28900
139,0,135,0,CUTHS_STOCKS,28900
111,0,109,0,HATFIELD_STOCKS,29000
108,0,104,1,COLLINGWOOD_STOCKS,29000
210,0,206,1,CHADS_STOCKS,29000
85,0,81,0,JOHNS_STOCKS,29000
199,4,191,0,CASTLE_STOCKS,29000
140,1,138,1,CUTHS_STOCKS,29000
113,0,109,0,HATFIELD_STOCKS,29100
108,0,104,0,COLLINGWOOD_STOCKS,29100
210,0,206,0,CHADS_STOCKS,29100
83,2,81,1,JOHNS_STOCKS,29100
199,2,191,1,CASTLE_STOCKS,29100
140,0,136,0,CUTHS_STOCKS,29100
111,0,109,0,HATFIELD_STOCKS,29200
107,3,103,0,COLLINGWOOD_STOCKS,29200
209,0,205,0,CHADS_STOCKS,29200
82,1,80,1,JOHNS_STOCKS,29200
199,3,191,2,CASTLE_STOCKS,29200
140,1,136,1,CUTHS_STOCKS,29200
111,0,107,4,HATFIELD_STOCKS,29300
105,0,103,0,COLLINGWOOD_STOCKS,29300
211,0,207,0,CHADS_STOCKS,29300
80,2,78,1,JOHNS_STOCKS,29300
198,7,192,12,CASTLE_STOCKS,29300
141,2,137,2,CUTHS_STOCKS,29300
111,0,109,0,HATFIELD_STOCKS,29400
106,0,102,0,COLLINGWOOD_STOCKS,29400
208,1,206,0,CHADS_STOCKS,29400
82,3,80,4,JOHNS_STOCKS,29400
197,6,191,7,CASTLE_STOCKS,29400
140,1,136,1,CUTHS_STOCKS,29400
113,1,111,0,HATFIELD_STOCKS,29500
106,3,102,4,COLLINGWOOD_STOCKS,29500
207,0,203,0,CHADS_STOCKS,29500
81,0,77,0,JOHNS_STOCKS,29500
198,5,190,5,CASTLE_STOCKS,29500
140,0,136,1,CUTHS_STOCKS,29500
113,0,111,0,HATFIELD_STOCKS,29600
107,0,103,0,COLLINGWOOD_STOCKS,29600
205,0,201,0,CHADS_STOCKS,29600
82,0,78,0,JOHNS_STOCKS,29600
198,4,190,4,CASTLE_STOCKS,29600
139,0,135,0,CUTHS_STOCKS,29600
113,0,111,0,HATFIELD_STOCKS,29700
106,0,104,0,COLLINGWOOD_STOCKS,29700
203,2,199,1,CHADS_STOCKS,29700
79,0,77,4,JOHNS_STOCKS,29700
197,0,191,0,CASTLE_STOCKS,29700
140,0,136,3,CUTHS_STOCKS,29700
113,1,109,1,HATFIELD_STOCKS,29800
106,0,102,0,COLLINGWOOD_STOCKS,29800
205,0,201,1,CHADS_STOCKS,29800
81,1,77,1,JOHNS_STOCKS,29800
199,2,191,3,CASTLE_STOCKS,29800
140,0,138,0,CUTHS_STOCKS,29800
112,0,110,0,HATFIELD_STOCKS,29900
106,1,102,1,COLLINGWOOD_STOCKS,29900
202,0,198,0,CHADS_STOCKS,29900
80,0,76,0,JOHNS_STOCKS,29900
198,10,190,10,CASTLE_STOCKS,29900
141,0,137,0,CUTHS_STOCKS,29900
111,0,109,0,HATFIELD_STOCKS,30000
105,0,101,0,COLLINGWOOD_STOCKS,30000
200,0,196,0,CHADS_STOCKS,30000
81,0,77,0,JOHNS_STOCKS,30000
196,6,190,3,CASTLE_STOCKS,30000
139,1,137,3,CUTHS_STOCKS,30000
111,0,109,0,HATFIELD_STOCKS,30100
105,0,103,0,COLLINGWOOD_STOCKS,30100
198,0,194,0,CHADS_STOCKS,30100
79,0,75,0,JOHNS_STOCKS,30100
197,0,191,0,CASTLE_STOCKS,30100
140,0,136,0,CUTHS_STOCKS,30100
110,0,108,3,HATFIELD_STOCKS,30200
104,1,102,0,COLLINGWOOD_STOCKS,30200
199,0,195,0,CHADS_STOCKS,30200
82,2,78,3,JOHNS_STOCKS,30200
197,4,189,5,CASTLE_STOCKS,30200
139,2,137,1,CUTHS_STOCKS,30200
110,0,108,0,HATFIELD_STOCKS,30300
105,0,101,0,COLLINGWOOD_STOCKS,30300
200,0,196,0,CHADS_STOCKS,30300
82,0,78,0,JOHNS_STOCKS,30300
198,1,190,1,CASTLE_STOCKS,30300
140,0,136,3,CUTHS_STOCKS,30300
111,0,107,0,HATFIELD_STOCKS,30400
105,1,101,1,COLLINGWOOD_STOCKS,30400
201,0,197,0,CHADS_STOCKS,30400
82,2,80,0,JOHNS_STOCKS,30400
199,6,191,4,CASTLE_STOCKS,30400
140,2,136,1,CUTHS_STOCKS,30400
111,3,107,3,HATFIELD_STOCKS,30500
105,0,101,0,COLLINGWOOD_STOCKS,30500
203,1,199,1,CHADS_STOCKS,30500
82,0,78,0,JOHNS_STOCKS,30500
199,5,191,9,CASTLE_STOCKS,30500
140,4,136,0,CUTHS_STOCKS,30500
112,0,108,1,HATFIELD_STOCKS,30600
105,2,101,1,COLLINGWOOD_STOCKS,30600
202,3,198,2,CHADS_STOCKS,30600
80,1,76,3,JOHNS_STOCKS,30600
198,10,192,6,CASTLE_STOCKS,30600
140,0,136,0,CUTHS_STOCKS,30600
111,1,107,0,HATFIELD_STOCKS,30700
105,1,101,3,COLLINGWOOD_STOCKS,30700
201,1,197,2,CHADS_STOCKS,30700
78,2,76,0,JOHNS_STOCKS,30700
199,3,191,6,CASTLE_STOCKS,30700
140,0,136,0,CUTHS_STOCKS,30700
111,2,107,2,HATFIELD_STOCKS,30800
104,0,100,0,COLLINGWOOD_STOCKS,30800
199,0,195,1,CHADS_STOCKS,30800
80,2,76,2,JOHNS_STOCKS,30800
199,7,191,3,CASTLE_STOCKS,30800
140,0,138,0,CUTHS_STOCKS,30800
111,3,107,1,HATFIELD_STOCKS,30900
105,0,101,0,COLLINGWOOD_STOCKS,30900
200,0,196,1,CHADS_STOCKS,30900
79,1,75,1,JOHNS_STOCKS,30900
199,5,191,5,CASTLE_STOCKS,30900
141,0,139,2,CUTHS_STOCKS,30900
111,1,107,1,HATFIELD_STOCKS,31000
105,3,101,1,COLLINGWOOD_STOCKS,31000
201,1,197,1,CHADS_STOCKS,31000
79,2,75,1,JOHNS_STOCKS,31000
199,0,191,0,CASTLE_STOCKS,31000
143,0,139,1,CUTHS_STOCKS,31000
111,2,109,1,HATFIELD_STOCKS,31100
104,0,102,0,COLLINGWOOD_STOCKS,31100
197,3,195,2,CHADS_STOCKS,31100
80,0,76,0,JOHNS_STOCKS,31100
198,0,192,0,CASTLE_STOCKS,31100
142,0,138,0,CUTHS_STOCKS,31100
112,0,108,0,HATFIELD_STOCKS,31200
104,2,102,1,COLLINGWOOD_STOCKS,31200
196,0,194,0,CHADS_STOCKS,31200
80,0,78,0,JOHNS_STOCKS,31200
199,11,193,7,CASTLE_STOCKS,31200
143,0,139,0,CUTHS_STOCKS,31200
111,0,107,0,HATFIELD_STOCKS,31300
105,3,101,2,COLLINGWOOD_STOCKS,31300
198,0,194,3,CHADS_STOCKS,31300
82,0,78,3,JOHNS_STOCKS,31300
199,2,193,0,CASTLE_STOCKS,31300
143,1,139,1,CUTHS_STOCKS,31300
110,0,106,2,HATFIELD_STOCKS,31400
105,1,101,0,COLLINGWOOD_STOCKS,31400
196,0,192,0,CHADS_STOCKS,31400
79,0,77,0,JOHNS_STOCKS,31400
200,4,194,3,CASTLE_STOCKS,31400
143,0,141,0,CUTHS_STOCKS,31400
111,0,107,0,HATFIELD_STOCKS,31500
105,0,101,0,COLLINGWOOD_STOCKS,31500
196,0,194,0,CHADS_STOCKS,31500
77,0,73,1,JOHNS_STOCKS,31500
199,4,193,3,CASTLE_STOCKS,31500
144,0,140,2,CUTHS_STOCKS,31500
112,0,108,0,HATFIELD_STOCKS,31600
106,0,102,0,COLLINGWOOD_STOCKS,31600
198,0,194,0,CHADS_STOCKS,31600
76,2,72,2,JOHNS_STOCKS,31600
201,3,193,0,CASTLE_STOCKS,31600
143,0,141,0,CUTHS_STOCKS,31600
112,1,108,2,HATFIELD_STOCKS,31700
106,1,102,3,COLLINGWOOD_STOCKS,31700
198,1,194,0,CHADS_STOCKS,31700
76,3,72,3,JOHNS_STOCKS,31700
201,6,193,7,CASTLE_STOCKS,31700
144,0,140,0,CUTHS_STOCKS,31700
112,0,108,0,HATFIELD_STOCKS,31800
106,4,102,4,COLLINGWOOD_STOCKS,31800
198,0,194,0,CHADS_STOCKS,31800
77,1,75,0,JOHNS_STOCKS,31800
201,3,193,3,CASTLE_STOCKS,31800
144,0,142,0,CUTHS_STOCKS,31800
112,0,110,0,HATFIELD_STOCKS,31900
106,1,104,2,COLLINGWOOD_STOCKS,31900
199,2,197,2,CHADS_STOCKS,31900
77,0,73,2,JOHNS_STOCKS,31900
200,11,194,2,CASTLE_STOCKS,31900
147,0,143,0,CUTHS_STOCKS,31900
113,2,111,0,HATFIELD_STOCKS,32000
107,0,103,0,COLLINGWOOD_STOCKS,32000
199,0,195,3,CHADS_STOCKS,32000
76,0,74,0,JOHNS_STOCKS,32000
200,7,192,4,CASTLE_STOCKS,32000
147,0,143,0,CUTHS_STOCKS,32000
112,1,110,0,HATFIELD_STOCKS,32100
107,2,105,2,COLLINGWOOD_STOCKS,32100
198,1,194,0,CHADS_STOCKS,32100
76,0,72,1,JOHNS_STOCKS,32100
199,8,193,5,CASTLE_STOCKS,32100
146,2,142,1,CUTHS_STOCKS,32100
113,0,111,0,HATFIELD_STOCKS,32200
107,0,105,0,COLLINGWOOD_STOCKS,32200
198,0,194,0,CHADS_STOCKS,32200
77,0,73,3,JOHNS_STOCKS,32200
201,5,193,1,CASTLE_STOCKS,32200
145,0,141,2,CUTHS_STOCKS,32200
113,0,109,2,HATFIELD_STOCKS,32300
108,0,104,0,COLLINGWOOD_STOCKS,32300
199,3,195,3,CHADS_STOCKS,32300
76,0,72,1,JOHNS_STOCKS,32300
200,7,192,2,CASTLE_STOCKS,32300
145,0,143,0,CUTHS_STOCKS,32300
113,3,109,2,HATFIELD_STOCKS,32400
107,1,105,1,COLLINGWOOD_STOCKS,32400
197,0,193,0,CHADS_STOCKS,32400
77,0,73,0,JOHNS_STOCKS,32400
199,9,193,1,CASTLE_STOCKS,32400
145,0,143,0,CUTHS_STOCKS,32400
113,3,111,1,HATFIELD_STOCKS,32500
109,2,105,4,COLLINGWOOD_STOCKS,32500
197,0,193,0,CHADS_STOCKS,32500
77,0,73,0,JOHNS_STOCKS,32500
201,8,193,8,CASTLE_STOCKS,32500
145,0,143,2,CUTHS_STOCKS,32500
113,0,111,1,HATFIELD_STOCKS,32600
110,1,106,1,COLLINGWOOD_STOCKS,32600
196,0,192,0,CHADS_STOCKS,32600
76,0,72,0,JOHNS_STOCKS,32600
200,5,194,5,CASTLE_STOCKS,32600
145,0,143,1,CUTHS_STOCKS,32600
114,0,112,1,HATFIELD_STOCKS,32700
109,0,105,1,COLLINGWOOD_STOCKS,32700
197,0,193,3,CHADS_STOCKS,32700
75,0,71,1,JOHNS_STOCKS,32700
201,3,193,0,CASTLE_STOCKS,32700
146,1,142,0,CUTHS_STOCKS,32700
114,0,112,1,HATFIELD_STOCKS,32800
108,2,104,2,COLLINGWOOD_STOCKS,32800
198,0,194,0,CHADS_STOCKS,32800
76,3,72,0,JOHNS_STOCKS,32800
200,0,194,2,CASTLE_STOCKS,32800
145,4,141,4,CUTHS_STOCKS,32800
115,0,111,0,HATFIELD_STOCKS,32900
109,0,105,2,COLLINGWOOD_STOCKS,32900
198,0,196,0,CHADS_STOCKS,32900
76,3,72,2,JOHNS_STOCKS,32900
199,1,193,0,CASTLE_STOCKS,32900
145,2,141,0,CUTHS_STOCKS,32900
114,1,110,1,HATFIELD_STOCKS,33000
107,1,105,0,COLLINGWOOD_STOCKS,33000
198,0,194,0,CHADS_STOCKS,33000
77,1,73,1,JOHNS_STOCKS,33000
200,0,192,0,CASTLE_STOCKS,33000
145,1,141,1,CUTHS_STOCKS,33000
115,1,113,0,HATFIELD_STOCKS,33100
107,0,105,0,COLLINGWOOD_STOCKS,33100
199,0,195,1,CHADS_STOCKS,33100
80,3,76,1,JOHNS_STOCKS,33100
200,0,192,0,CASTLE_STOCKS,33100
143,3,141,1,CUTHS_STOCKS,33100
116,2,112,2,HATFIELD_STOCKS,33200
109,0,105,1,COLLINGWOOD_STOCKS,33200
199,1,197,0,CHADS_STOCKS,33200
79,0,75,0,JOHNS_STOCKS,33200
199,3,193,7,CASTLE_STOCKS,33200
144,1,140,2,CUTHS_STOCKS,33200
117,0,113,0,HATFIELD_STOCKS,33300
109,0,105,0,COLLINGWOOD_STOCKS,33300
200,0,198,0,CHADS_STOCKS,33300
77,2,73,2,JOHNS_STOCKS,33300
200,1,192,3,CASTLE_STOCKS,33300
145,1,141,2,CUTHS_STOCKS,33300
116,2,114,1,HATFIELD_STOCKS,33400
109,0,105,3,COLLINGWOOD_STOCKS,33400
201,2,197,1,CHADS_STOCKS,33400
79,0,75,0,JOHNS_STOCKS,33400
200,3,192,0,CASTLE_STOCKS,33400
145,2,141,2,CUTHS_STOCKS,33400
117,0,115,1,HATFIELD_STOCKS,33500
110,1,108,1,COLLINGWOOD_STOCKS,33500
199,1,195,2,CHADS_STOCKS,33500
79,0,75,1,JOHNS_STOCKS,33500
200,0,192,6,CASTLE_STOCKS,33500
144,4,140,4,CUTHS_STOCKS,33500
118,0,114,0,HATFIELD_STOCKS,33600
111,4,109,1,COLLINGWOOD_STOCKS,33600
200,0,196,0,CHADS_STOCKS,33600
79,3,75,3,JOHNS_STOCKS,33600
200,4,192,1,CASTLE_STOCKS,33600
143,0,141,4,CUTHS_STOCKS,33600
117,2,115,0,HATFIELD_STOCKS,33700
112,2,108,0,COLLINGWOOD_STOCKS,33700
201,0,197,0,CHADS_STOCKS,33700
76,2,74,0,JOHNS_STOCKS,33700
200,2,192,0,CASTLE_STOCKS,33700
145,4,141,2,CUTHS_STOCKS,33700
117,2,115,1,HATFIELD_STOCKS,33800
112,0,108,0,COLLINGWOOD_STOCKS,33800
201,0,197,0,CHADS_STOCKS,33800
76,2,74,2,JOHNS_STOCKS,33800
200,11,192,3,CASTLE_STOCKS,33800
144,3,142,2,CUTHS_STOCKS,33800
119,0,115,0,HATFIELD_STOCKS,33900
112,0,108,2,COLLINGWOOD_STOCKS,33900
200,0,196,0,CHADS_STOCKS,33900
77,2,73,0,JOHNS_STOCKS,33900
200,1,192,3,CASTLE_STOCKS,33900
145,2,141,0,CUTHS_STOCKS,33900
120,0,116,0,HATFIELD_STOCKS,34000
113,0,109,3,COLLINGWOOD_STOCKS,34000
197,0,195,0,CHADS_STOCKS,34000
76,0,72,0,JOHNS_STOCKS,34000
199,1,191,0,CASTLE_STOCKS,34000
145,0,141,2,CUTHS_STOCKS,34000
118,0,116,0,HATFIELD_STOCKS,34100
113,0,109,0,COLLINGWOOD_STOCKS,34100
198,0,196,0,CHADS_STOCKS,34100
77,0,73,0,JOHNS_STOCKS,34100
199,11,191,10,CASTLE_STOCKS,34100
145,0,141,0,CUTHS_STOCKS,34100
119,3,117,3,HATFIELD_STOCKS,34200
115,0,111,0,COLLINGWOOD_STOCKS,34200
199,0,195,1,CHADS_STOCKS,34200
76,0,74,0,JOHNS_STOCKS,34200
199,2,191,2,CASTLE_STOCKS,34200
144,1,142,2,CUTHS_STOCKS,34200
119,0,115,1,HATFIELD_STOCKS,34300
114,3,110,3,COLLINGWOOD_STOCKS,34300
199,0,195,0,CHADS_STOCKS,34300
78,0,74,0,JOHNS_STOCKS,34300
200,4,192,2,CASTLE_STOCKS,34300
145,0,141,0,CUTHS_STOCKS,34300
120,1,116,2,HATFIELD_STOCKS,34400
111,2,109,0,COLLINGWOOD_STOCKS,34400
199,1,197,1,CHADS_STOCKS,34400
79,0,75,0,JOHNS_STOCKS,34400
199,1,193,2,CASTLE_STOCKS,34400
147,0,143,0,CUTHS_STOCKS,34400
120,0,116,0,HATFIELD_STOCKS,34500
111,1,109,0,COLLINGWOOD_STOCKS,34500
201,0,197,0,CHADS_STOCKS,34500
80,0,76,0,JOHNS_STOCKS,34500
200,3,192,6,CASTLE_STOCKS,34500
146,1,142,1,CUTHS_STOCKS,34500
120,0,116,0,HATFIELD_STOCKS,34600
111,2,109,1,COLLINGWOOD_STOCKS,34600
200,0,198,0,CHADS_STOCKS,34600
79,0,75,0,JOHNS_STOCKS,34600
200,2,192,9,CASTLE_STOCKS,34600
145,1,141,1,CUTHS_STOCKS,34600
120,3,118,1,HATFIELD_STOCKS,34700
112,2,110,3,COLLINGWOOD_STOCKS,34700
203,0,199,0,CHADS_STOCKS,34700
79,0,75,0,JOHNS_STOCKS,34700
200,0,192,1,CASTLE_STOCKS,34700
144,0,142,0,CUTHS_STOCKS,34700
120,0,116,0,HATFIELD_STOCKS,34800
112,0,108,2,COLLINGWOOD_STOCKS,34800
204,0,200,0,CHADS_STOCKS,34800
81,0,79,0,JOHNS_STOCKS,34800
199,6,193,6,CASTLE_STOCKS,34800
144,0,140,0,CUTHS_STOCKS,34800
120,2,116,0,HATFIELD_STOCKS,34900
112,1,108,0,COLLINGWOOD_STOCKS,34900
204,0,200,0,CHADS_STOCKS,34900
82,2,78,3,JOHNS_STOCKS,34900
200,10,192,4,CASTLE_STOCKS,34900
145,1,141,1,CUTHS_STOCKS,34900
121,0,117,0,HATFIELD_STOCKS,35000
111,1,109,1,COLLINGWOOD_STOCKS,35000
203,2,201,3,CHADS_STOCKS,35000
83,0,81,0,JOHNS_STOCKS,35000
200,1,192,0,CASTLE_STOCKS,35000
144,2,140,1,CUTHS_STOCKS,35000
122,0,118,0,HATFIELD_STOCKS,35100
112,0,110,0,COLLINGWOOD_STOCKS,35100
203,0,201,1,CHADS_STOCKS,35100
84,1,82,1,JOHNS_STOCKS,35100
200,4,192,0,CASTLE_STOCKS,35100
142,0,140,0,CUTHS_STOCKS,35100
121,3,117,3,HATFIELD_STOCKS,35200
111,0,109,0,COLLINGWOOD_STOCKS,35200
203,0,199,2,CHADS_STOCKS,35200
83,0,81,0,JOHNS_STOCKS,35200
199,7,193,6,CASTLE_STOCKS,35200
142,0,140,1,CUTHS_STOCKS,35200
121,2,119,2,HATFIELD_STOCKS,35300
114,3,110,4,COLLINGWOOD_STOCKS,35300
202,2,198,2,CHADS_STOCKS,35300
84,2,80,2,JOHNS_STOCKS,35300
201,6,193,5,CASTLE_STOCKS,35300
142,1,138,1,CUTHS_STOCKS,35300
121,0,117,1,HATFIELD_STOCKS,35400
114,1,110,2,COLLINGWOOD_STOCKS,35400
204,0,200,0,CHADS_STOCKS,35400
81,0,79,0,JOHNS_STOCKS,35400
200,1,192,0,CASTLE_STOCKS,35400
142,0,138,2,CUTHS_STOCKS,35400
120,0,116,0,HATFIELD_STOCKS,35500
113,0,109,0,COLLINGWOOD_STOCKS,35500
205,0,201,0,CHADS_STOCKS,35500
83,2,79,3,JOHNS_STOCKS,35500
200,1,192,0,CASTLE_STOCKS,35500
141,0,137,0,CUTHS_STOCKS,35500
119,0,115,0,HATFIELD_STOCKS,35600
114,0,110,0,COLLINGWOOD_STOCKS,35600
207,4,203,0,CHADS_STOCKS,35600
82,2,78,0,JOHNS_STOCKS,35600
199,1,193,1,CASTLE_STOCKS,35600
140,0,138,0,CUTHS_STOCKS,35600
119,0,115,0,HATFIELD_STOCKS,35700
115,1,111,2,COLLINGWOOD_STOCKS,35700
208,0,204,0,CHADS_STOCKS,35700
83,0,79,4,JOHNS_STOCKS,35700
201,1,193,5,CASTLE_STOCKS,35700
142,4,138,3,CUTHS_STOCKS,35700
117,1,115,0,HATFIELD_STOCKS,35800
115,0,111,0,COLLINGWOOD_STOCKS,35800
208,0,204,0,CHADS_STOCKS,35800
82,3,78,2,JOHNS_STOCKS,35800
201,0,193,1,CASTLE_STOCKS,35800
142,4,138,2,CUTHS_STOCKS,35800
117,0,113,0,HATFIELD_STOCKS,35900
113,3,109,4,COLLINGWOOD_STOCKS,35900
207,0,203,2,CHADS_STOCKS,35900
82,0,78,0,JOHNS_STOCKS,35900
200,2,192,2,CASTLE_STOCKS,35900
141,0,139,0,CUTHS_STOCKS,35900
117,0,113,0,HATFIELD_STOCKS,36000
113,2,109,0,COLLINGWOOD_STOCKS,36000
207,0,203,0,CHADS_STOCKS,36000
80,0,76,0,JOHNS_STOCKS,36000
201,0,193,0,CASTLE_STOCKS,36000
142,0,140,0,CUTHS_STOCKS,36000
115,0,113,1,HATFIELD_STOCKS,36100
112,0,108,0,COLLINGWOOD_STOCKS,36100
208,2,204,2,CHADS_STOCKS,36100
80,4,76,2,JOHNS_STOCKS,36100
201,0,193,0,CASTLE_STOCKS,36100
143,0,139,0,CUTHS_STOCKS,36100
116,0,112,0,HATFIELD_STOCKS,36200
111,3,107,1,COLLINGWOOD_STOCKS,36200
207,0,203,0,CHADS_STOCKS,36200
79,1,77,3,JOHNS_STOCKS,36200
201,0,193,0,CASTLE_STOCKS,36200
143,2,139,4,CUTHS_STOCKS,36200
114,4,112,3,HATFIELD_STOCKS,36300
110,0,106,0,COLLINGWOOD_STOCKS,36300
205,3,201,0,CHADS_STOCKS,36300
82,3,78,3,JOHNS_STOCKS,36300
200,0,194,0,CASTLE_STOCKS,36300
142,3,138,1,CUTHS_STOCKS,36300
115,0,111,1,HATFIELD_STOCKS,36400
110,1,106,2,COLLINGWOOD_STOCKS,36400
204,1,200,0,CHADS_STOCKS,36400
82,1,78,2,JOHNS_STOCKS,36400
201,3,193,9,CASTLE_STOCKS,36400
142,4,138,1,CUTHS_STOCKS,36400
115,0,111,0,HATFIELD_STOCKS,36500
109,3,105,3,COLLINGWOOD_STOCKS,36500
205,0,201,1,CHADS_STOCKS,36500
82,0,78,0,JOHNS_STOCKS,36500
201,12,193,3,CASTLE_STOCKS,36500
143,0,141,0,CUTHS_STOCKS,36500
116,1,112,3,HATFIELD_STOCKS,36600
109,0,107,0,COLLINGWOOD_STOCKS,36600
206,0,202,1,CHADS_STOCKS,36600
80,0,76,0,JOHNS_STOCKS,36600
201,6,193,5,CASTLE_STOCKS,36600
143,0,141,2,CUTHS_STOCKS,36600
115,2,113,1,HATFIELD_STOCKS,36700
110,0,106,0,COLLINGWOOD_STOCKS,36700
207,0,203,0,CHADS_STOCKS,36700
80,0,78,0,JOHNS_STOCKS,36700
201,1,193,1,CASTLE_STOCKS,36700
143,1,141,1,CUTHS_STOCKS,36700
115,1,111,1,HATFIELD_STOCKS,36800
110,0,106,0,COLLINGWOOD_STOCKS,36800
208,0,204,0,CHADS_STOCKS,36800
82,4,78,3,JOHNS_STOCKS,36800
201,7,193,2,CASTLE_STOCKS,36800
144,0,140,0,CUTHS_STOCKS,36800
117,1,113,0,HATFIELD_STOCKS,36900
110,1,108,2,COLLINGWOOD_STOCKS,36900
208,1,204,2,CHADS_STOCKS,36900
80,1,76,1,JOHNS_STOCKS,36900
200,3,194,9,CASTLE_STOCKS,36900
144,0,140,0,CUTHS_STOCKS,36900
118,0,114,1,HATFIELD_STOCKS,37000
111,0,109,0,COLLINGWOOD_STOCKS,37000
207,2,205,0,CHADS_STOCKS,37000
79,1,75,1,JOHNS_STOCKS,37000
202,1,194,1,CASTLE_STOCKS,37000
144,1,140,0,CUTHS_STOCKS,37000
118,2,114,3,HATFIELD_STOCKS,37100
111,2,107,2,COLLINGWOOD_STOCKS,37100
207,0,203,2,CHADS_STOCKS,37100
80,0,76,0,JOHNS_STOCKS,37100
202,0,194,0,CASTLE_STOCKS,37100
144,1,140,2,CUTHS_STOCKS,37100
118,0,114,0,HATFIELD_STOCKS,37200
111,0,109,0,COLLINGWOOD_STOCKS,37200
208,0,204,2,CHADS_STOCKS,37200
80,0,78,0,JOHNS_STOCKS,37200
201,1,193,2,CASTLE_STOCKS,37200
145,1,141,2,CUTHS_STOCKS,37200
117,0,115,4,HATFIELD_STOCKS,37300
111,0,109,0,COLLINGWOOD_STOCKS,37300
207,0,203,1,CHADS_STOCKS,37300
83,0,79,0,JOHNS_STOCKS,37300
201,3,193,1,CASTLE_STOCKS,37300
145,2,141,4,CUTHS_STOCKS,37300
116,0,114,2,HATFIELD_STOCKS,37400
110,0,108,0,COLLINGWOOD_STOCKS,37400
205,0,201,2,CHADS_STOCKS,37400
83,2,81,1,JOHNS_STOCKS,37400
201,3,193,1,CASTLE_STOCKS,37400
145,0,141,0,CUTHS_STOCKS,37400
115,0,113,0,HATFIELD_STOCKS,37500
111,0,107,0,COLLINGWOOD_STOCKS,37500
206,0,202,0,CHADS_STOCKS,37500
84,4,80,4,JOHNS_STOCKS,37500
201,1,193,0,CASTLE_STOCKS,37500
145,1,141,0,CUTHS_STOCKS,37500
116,0,112,0,HATFIELD_STOCKS,37600
109,0,107,0,COLLINGWOOD_STOCKS,37600
202,3,200,4,CHADS_STOCKS,37600
82,0,80,0,JOHNS_STOCKS,37600
200,3,194,12,CASTLE_STOCKS,37600
145,2,141,3,CUTHS_STOCKS,37600
114,2,112,2,HATFIELD_STOCKS,37700
110,0,106,0,COLLINGWOOD_STOCKS,37700
203,0,199,0,CHADS_STOCKS,37700
83,1,81,0,JOHNS_STOCKS,37700
201,1,193,1,CASTLE_STOCKS,37700
145,2,143,0,CUTHS_STOCKS,37700
116,0,112,0,HATFIELD_STOCKS,37800
110,0,106,0,COLLINGWOOD_STOCKS,37800
202,3,198,3,CHADS_STOCKS,37800
82,4,78,4,JOHNS_STOCKS,37800
201,3,193,2,CASTLE_STOCKS,37800
147,0,143,0,CUTHS_STOCKS,37800
116,1,112,2,HATFIELD_STOCKS,37900
111,0,107,0,COLLINGWOOD_STOCKS,37900
200,1,196,0,CHADS_STOCKS,37900
81,1,79,2,JOHNS_STOCKS,37900
200,5,194,7,CASTLE_STOCKS,37900
147,1,143,0,CUTHS_STOCKS,37900
116,1,112,1,HATFIELD_STOCKS,38000
109,4,107,3,COLLINGWOOD_STOCKS,38000
198,0,196,0,CHADS_STOCKS,38000
80,0,78,4,JOHNS_STOCKS,38000
201,8,193,2,CASTLE_STOCKS,38000
147,0,145,0,CUTHS_STOCKS,38000
116,0,112,0,HATFIELD_STOCKS,38100
110,0,108,3,COLLINGWOOD_STOCKS,38100
197,4,193,1,CHADS_STOCKS,38100
84,1,80,1,JOHNS_STOCKS,38100
200,6,194,6,CASTLE_STOCKS,38100
147,1,143,0,CUTHS_STOCKS,38100
117,3,113,0,HATFIELD_STOCKS,38200
111,0,109,2,COLLINGWOOD_STOCKS,38200
196,1,192,2,CHADS_STOCKS,38200
84,0,82,1,JOHNS_STOCKS,38200
200,2,194,2,CASTLE_STOCKS,38200
146,2,142,0,CUTHS_STOCKS,38200
116,0,114,0,HATFIELD_STOCKS,38300
114,0,112,0,COLLINGWOOD_STOCKS,38300
195,0,191,0,CHADS_STOCKS,38300
87,1,83,1,JOHNS_STOCKS,38300
202,5,194,11,CASTLE_STOCKS,38300
146,0,144,0,CUTHS_STOCKS,38300
116,0,112,0,HATFIELD_STOCKS,38400
112,0,110,0,COLLINGWOOD_STOCKS,38400
195,0,193,0,CHADS_STOCKS,38400
86,4,82,0,JOHNS_STOCKS,38400
202,0,194,0,CASTLE_STOCKS,38400
147,0,143,0,CUTHS_STOCKS,38400
116,0,112,0,HATFIELD_STOCKS,38500
112,0,110,0,COLLINGWOOD_STOCKS,38500
197,0,193,2,CHADS_STOCKS,38500
85,0,81,0,JOHNS_STOCKS,38500
202,1,194,3,CASTLE_STOCKS,38500
147,0,143,0,CUTHS_STOCKS,38500
116,2,112,4,HATFIELD_STOCKS,38600
113,1,109,3,COLLINGWOOD_STOCKS,38600
194,0,190,0,CHADS_STOCKS,38600
82,2,80,2,JOHNS_STOCKS,38600
202,9,194,8,CASTLE_STOCKS,38600
146,0,142,0,CUTHS_STOCKS,38600
116,2,112,1,HATFIELD_STOCKS,38700
112,1,110,1,COLLINGWOOD_STOCKS,38700
192,1,188,1,CHADS_STOCKS,38700
82,3,80,1,JOHNS_STOCKS,38700
202,2,194,8,CASTLE_STOCKS,38700
145,0,143,0,CUTHS_STOCKS,38700
116,0,112,0,HATFIELD_STOCKS,38800
111,1,109,1,COLLINGWOOD_STOCKS,38800
193,1,191,1,CHADS_STOCKS,38800
81,0,77,0,JOHNS_STOCKS,38800
201,0,195,0,CASTLE_STOCKS,38800
145,1,141,1,CUTHS_STOCKS,38800
116,0,112,0,HATFIELD_STOCKS,38900
112,0,108,0,COLLINGWOOD_STOCKS,38900
193,0,189,1,CHADS_STOCKS,38900
81,0,77,2,JOHNS_STOCKS,38900
202,2,194,1,CASTLE_STOCKS,38900
144,1,140,0,CUTHS_STOCKS,38900
115,1,111,3,HATFIELD_STOCKS,39000
111,1,107,4,COLLINGWOOD_STOCKS,39000
193,0,191,1,CHADS_STOCKS,39000
80,2,78,0,JOHNS_STOCKS,39000
201,4,195,3,CASTLE_STOCKS,39000
144,0,140,1,CUTHS_STOCKS,39000
115,2,113,0,HATFIELD_STOCKS,39100
111,0,109,0,COLLINGWOOD_STOCKS,39100
195,3,191,1,CHADS_STOCKS,39100
80,0,76,2,JOHNS_STOCKS,39100
201,10,195,4,CASTLE_STOCKS,39100
145,0,141,0,CUTHS_STOCKS,39100
116,0,112,0,HATFIELD_STOCKS,39200
111,0,109,0,COLLINGWOOD_STOCKS,39200
194,0,190,0,CHADS_STOCKS,39200
79,0,77,0,JOHNS_STOCKS,39200
200,3,194,5,CASTLE_STOCKS,39200
144,0,142,0,CUTHS_STOCKS,39200
115,0,111,0,HATFIELD_STOCKS,39300
110,4,106,2,COLLINGWOOD_STOCKS,39300
195,0,191,0,CHADS_STOCKS,39300
80,4,76,3,JOHNS_STOCKS,39300
201,8,193,7,CASTLE_STOCKS,39300
144,0,140,1,CUTHS_STOCKS,39300
116,2,112,2,HATFIELD_STOCKS,39400
110,0,108,0,COLLINGWOOD_STOCKS,39400
194,2,190,1,CHADS_STOCKS,39400
78,1,76,0,JOHNS_STOCKS,39400
201,0,193,3,CASTLE_STOCKS,39400
144,2,140,1,CUTHS_STOCKS,39400
115,0,113,0,HATFIELD_STOCKS,39500
109,0,107,0,COLLINGWOOD_STOCKS,39500
192,0,188,0,CHADS_STOCKS,39500
77,0,73,0,JOHNS_STOCKS,39500
202,3,194,0,CASTLE_STOCKS,39500
144,2,140,2,CUTHS_STOCKS,39500
114,0,112,0,HATFIELD_STOCKS,39600
108,0,104,0,COLLINGWOOD_STOCKS,39600
190,0,188,0,CHADS_STOCKS,39600
77,0,73,0,JOHNS_STOCKS,39600
202,0,194,3,CASTLE_STOCKS,39600
145,1,141,1,CUTHS_STOCKS,39600
115,1,111,0,HATFIELD_STOCKS,39700
107,0,105,0,COLLINGWOOD_STOCKS,39700
192,0,188,0,CHADS_STOCKS,39700
79,1,75,1,JOHNS_STOCKS,39700
202,4,194,2,CASTLE_STOCKS,39700
144,0,140,0,CUTHS_STOCKS,39700
115,0,113,0,HATFIELD_STOCKS,39800
108,0,104,1,COLLINGWOOD_STOCKS,39800
190,1,186,1,CHADS_STOCKS,39800
78,0,76,0,JOHNS_STOCKS,39800
201,3,195,0,CASTLE_STOCKS,39800
145,0,141,0,CUTHS_STOCKS,39800
115,3,111,2,HATFIELD_STOCKS,39900
107,0,103,0,COLLINGWOOD_STOCKS,39900
191,0,187,1,CHADS_STOCKS,39900
79,0,77,0,JOHNS_STOCKS,39900
200,4,194,7,CASTLE_STOCKS,39900
144,0,142,0,CUTHS_STOCKS,39900
115,0,113,0,HATFIELD_STOCKS,40000
107,2,105,2,COLLINGWOOD_STOCKS,40000
190,0,188,0,CHADS_STOCKS,40000
80,0,76,1,JOHNS_STOCKS,40000
201,4,195,3,CASTLE_STOCKS,40000
145,0,143,0,CUTHS_STOCKS,40000
115,2,111,0,HATFIELD_STOCKS,40100
106,0,104,0,COLLINGWOOD_STOCKS,40100
192,0,190,0,CHADS_STOCKS,40100
79,0,75,0,JOHNS_STOCKS,40100
200,4,194,2,CASTLE_STOCKS,40100
145,0,143,0,CUTHS_STOCKS,40100
114,0,110,1,HATFIELD_STOCKS,40200
108,0,104,4,COLLINGWOOD_STOCKS,40200
195,0,193,4,CHADS_STOCKS,40200
78,0,74,1,JOHNS_STOCKS,40200
201,0,193,0,CASTLE_STOCKS,40200
146,0,144,1,CUTHS_STOCKS,40200
115,2,111,2,HATFIELD_STOCKS,40300
108,0,104,0,COLLINGWOOD_STOCKS,40300
195,3,191,3,CHADS_STOCKS,40300
78,0,74,0,JOHNS_STOCKS,40300
201,2,193,1,CASTLE_STOCKS,40300
148,0,144,1,CUTHS_STOCKS,40300
114,1,112,0,HATFIELD_STOCKS,40400
108,2,104,1,COLLINGWOOD_STOCKS,40400
195,3,191,2,CHADS_STOCKS,40400
79,3,75,4,JOHNS_STOCKS,40400
201,6,193,4,CASTLE_STOCKS,40400
147,0,143,0,CUTHS_STOCKS,40400
114,3,110,1,HATFIELD_STOCKS,40500
108,1,104,1,COLLINGWOOD_STOCKS,40500
195,0,193,1,CHADS_STOCKS,40500
79,1,75,1,JOHNS_STOCKS,40500
202,10,194,2,CASTLE_STOCKS,40500
147,2,143,1,CUTHS_STOCKS,40500
112,0,110,2,HATFIELD_STOCKS,40600
108,0,104,4,COLLINGWOOD_STOCKS,40600
197,0,193,0,CHADS_STOCKS,40600
81,1,77,2,JOHNS_STOCKS,40600
201,0,193,9,CASTLE_STOCKS,40600
147,0,143,2,CUTHS_STOCKS,40600
113,1,109,2,HATFIELD_STOCKS,40700
107,0,105,0,COLLINGWOOD_STOCKS,40700
195,0,191,0,CHADS_STOCKS,40700
78,0,76,0,JOHNS_STOCKS,40700
202,2,194,1,CASTLE_STOCKS,40700
147,1,145,2,CUTHS_STOCKS,40700
114,1,110,2,HATFIELD_STOCKS,40800
107,0,105,2,COLLINGWOOD_STOCKS,40800
195,1,191,2,CHADS_STOCKS,40800
77,0,75,0,JOHNS_STOCKS,40800
202,4,194,4,CASTLE_STOCKS,40800
147,0,143,0,CUTHS_STOCKS,40800
114,2,110,2,HATFIELD_STOCKS,40900
108,1,104,2,COLLINGWOOD_STOCKS,40900
196,2,192,2,CHADS_STOCKS,40900
76,1,72,0,JOHNS_STOCKS,40900
202,0,194,2,CASTLE_STOCKS,40900
145,0,143,0,CUTHS_STOCKS,40900
113,3,111,4,HATFIELD_STOCKS,41000
108,0,104,0,COLLINGWOOD_STOCKS,41000
196,3,192,2,CHADS_STOCKS,41000
75,0,71,1,JOHNS_STOCKS,41000
201,0,195,0,CASTLE_STOCKS,41000
146,3,144,0,CUTHS_STOCKS,41000
112,0,108,0,HATFIELD_STOCKS,41100
107,0,103,2,COLLINGWOOD_STOCKS,41100
196,0,192,0,CHADS_STOCKS,41100
76,1,72,1,JOHNS_STOCKS,41100
202,8,194,6,CASTLE_STOCKS,41100
149,2,145,0,CUTHS_STOCKS,41100
112,0,108,0,HATFIELD_STOCKS,41200
107,0,103,2,COLLINGWOOD_STOCKS,41200
198,1,194,0,CHADS_STOCKS,41200
76,0,72,0,JOHNS_STOCKS,41200
201,1,195,11,CASTLE_STOCKS,41200
147,2,145,2,CUTHS_STOCKS,41200
111,1,109,0,HATFIELD_STOCKS,41300
106,0,104,0,COLLINGWOOD_STOCKS,41300
199,0,195,0,CHADS_STOCKS,41300
74,0,72,0,JOHNS_STOCKS,41300
202,2,194,4,CASTLE_STOCKS,41300
148,3,144,4,CUTHS_STOCKS,41300
112,1,108,0,HATFIELD_STOCKS,41400
107,2,103,2,COLLINGWOOD_STOCKS,41400
197,0,195,0,CHADS_STOCKS,41400
77,0,73,0,JOHNS_STOCKS,41400
202,1,194,7,CASTLE_STOCKS,41400
149,2,145,3,CUTHS_STOCKS,41400
112,2,108,0,HATFIELD_STOCKS,41500
107,2,103,2,COLLINGWOOD_STOCKS,41500
199,0,195,0,CHADS_STOCKS,41500
76,1,74,0,JOHNS_STOCKS,41500
202,11,194,13,CASTLE_STOCKS,41500
150,0,146,0,CUTHS_STOCKS,41500
113,0,109,3,HATFIELD_STOCKS,41600
107,0,105,0,COLLINGWOOD_STOCKS,41600
199,1,195,1,CHADS_STOCKS,41600
76,2,74,2,JOHNS_STOCKS,41600
202,5,194,4,CASTLE_STOCKS,41600
150,0,146,0,CUTHS_STOCKS,41600
114,0,110,0,HATFIELD_STOCKS,41700
108,0,104,0,COLLINGWOOD_STOCKS,41700
202,0,198,3,CHADS_STOCKS,41700
75,0,71,0,JOHNS_STOCKS,41700
202,2,194,4,CASTLE_STOCKS,41700
151,0,147,1,CUTHS_STOCKS,41700
113,1,111,2,HATFIELD_STOCKS,41800
107,0,105,0,COLLINGWOOD_STOCKS,41800
202,0,200,0,CHADS_STOCKS,41800
72,1,68,0,JOHNS_STOCKS,41800
201,3,195,1,CASTLE_STOCKS,41800
151,2,149,1,CUTHS_STOCKS,41800
113,0,109,0,HATFIELD_STOCKS,41900
109,2,105,0,COLLINGWOOD_STOCKS,41900
204,1,200,2,CHADS_STOCKS,41900
74,0,70,0,JOHNS_STOCKS,41900
201,0,193,4,CASTLE_STOCKS,41900
151,0,147,0,CUTHS_STOCKS,41900
112,1,110,1,HATFIELD_STOCKS,42000
107,3,105,3,COLLINGWOOD_STOCKS,42000
204,1,200,1,CHADS_STOCKS,42000
73,0,69,0,JOHNS_STOCKS,42000
200,7,194,0,CASTLE_STOCKS,42000
150,0,146,0,CUTHS_STOCKS,42000
114,1,110,0,HATFIELD_STOCKS,42100
108,0,106,0,COLLINGWOOD_STOCKS,42100
202,0,200,0,CHADS_STOCKS,42100
74,1,72,1,JOHNS_STOCKS,42100
201,8,193,5,CASTLE_STOCKS,42100
152,4,148,3,CUTHS_STOCKS,42100
116,0,112,0,HATFIELD_STOCKS,42200
110,3,108,2,COLLINGWOOD_STOCKS,42200
202,1,200,2,CHADS_STOCKS,42200
74,3,70,0,JOHNS_STOCKS,42200
201,2,193,1,CASTLE_STOCKS,42200
152,4,148,2,CUTHS_STOCKS,42200
115,1,111,1,HATFIELD_STOCKS,42300
110,1,106,1,COLLINGWOOD_STOCKS,42300
202,0,200,0,CHADS_STOCKS,42300
73,0,69,0,JOHNS_STOCKS,42300
201,8,193,9,CASTLE_STOCKS,42300
151,0,147,0,CUTHS_STOCKS,42300
115,0,111,1,HATFIELD_STOCKS,42400
111,1,107,0,COLLINGWOOD_STOCKS,42400
200,3,198,1,CHADS_STOCKS,42400
71,0,69,1,JOHNS_STOCKS,42400
201,9,193,9,CASTLE_STOCKS,42400
151,1,149,1,CUTHS_STOCKS,42400
116,3,112,3,HATFIELD_STOCKS,42500
110,0,106,1,COLLINGWOOD_STOCKS,42500
201,1,197,0,CHADS_STOCKS,42500
72,0,68,0,JOHNS_STOCKS,42500
200,11,194,6,CASTLE_STOCKS,42500
152,0,148,0,CUTHS_STOCKS,42500
115,0,113,0,HATFIELD_STOCKS,42600
110,0,108,0,COLLINGWOOD_STOCKS,42600
200,1,196,0,CHADS_STOCKS,42600
70,0,68,2,JOHNS_STOCKS,42600
200,3,194,5,CASTLE_STOCKS,42600
151,1,149,0,CUTHS_STOCKS,42600
116,1,112,0,HATFIELD_STOCKS,42700
111,0,107,2,COLLINGWOOD_STOCKS,42700
199,0,197,1,CHADS_STOCKS,42700
68,0,66,0,JOHNS_STOCKS,42700
201,0,193,0,CASTLE_STOCKS,42700
151,1,149,1,CUTHS_STOCKS,42700
115,2,111,1,HATFIELD_STOCKS,42800
110,1,106,0,COLLINGWOOD_STOCKS,42800
199,3,195,0,CHADS_STOCKS,42800
69,1,65,0,JOHNS_STOCKS,42800
200,1,192,2,CASTLE_STOCKS,42800
150,2,148,3,CUTHS_STOCKS,42800
115,1,111,1,HATFIELD_STOCKS,42900
110,0,108,0,COLLINGWOOD_STOCKS,42900
199,0,195,0,CHADS_STOCKS,42900
69,0,65,0,JOHNS_STOCKS,42900
200,11,192,3,CASTLE_STOCKS,42900
151,3,147,1,CUTHS_STOCKS,42900
116,2,112,3,HATFIELD_STOCKS,43000
112,3,108,3,COLLINGWOOD_STOCKS,43000
199,0,195,0,CHADS_STOCKS,43000
68,0,64,0,JOHNS_STOCKS,43000
200,1,194,7,CASTLE_STOCKS,43000
151,2,147,0,CUTHS_STOCKS,43000
113,0,111,0,HATFIELD_STOCKS,43100
111,0,107,1,COLLINGWOOD_STOCKS,43100
199,2,195,2,CHADS_STOCKS,43100
67,0,63,0,JOHNS_STOCKS,43100
201,1,193,2,CASTLE_STOCKS,43100
150,3,148,2,CUTHS_STOCKS,43100
112,2,110,2,HATFIELD_STOCKS,43200
111,2,107,1,COLLINGWOOD_STOCKS,43200
200,0,196,0,CHADS_STOCKS,43200
66,0,62,0,JOHNS_STOCKS,43200
200,4,194,2,CASTLE_STOCKS,43200
149,0,147,0,CUTHS_STOCKS,43200
110,1,108,0,HATFIELD_STOCKS,43300
109,0,105,0,COLLINGWOOD_STOCKS,43300
197,0,195,0,CHADS_STOCKS,43300
67,0,65,1,JOHNS_STOCKS,43300
201,1,193,3,CASTLE_STOCKS,43300
150,1,146,0,CUTHS_STOCKS,43300
111,0,107,0,HATFIELD_STOCKS,43400
109,0,105,0,COLLINGWOOD_STOCKS,43400
197,0,195,0,CHADS_STOCKS,43400
70,0,66,0,JOHNS_STOCKS,43400
201,6,193,3,CASTLE_STOCKS,43400
149,1,145,1,CUTHS_STOCKS,43400
112,0,108,0,HATFIELD_STOCKS,43500
108,2,104,3,COLLINGWOOD_STOCKS,43500
199,2,195,1,CHADS_STOCKS,43500
73,0,69,0,JOHNS_STOCKS,43500
201,1,193,2,CASTLE_STOCKS,43500
149,2,147,0,CUTHS_STOCKS,43500
111,1,109,0,HATFIELD_STOCKS,43600
109,0,105,0,COLLINGWOOD_STOCKS,43600
199,0,195,2,CHADS_STOCKS,43600
72,1,68,3,JOHNS_STOCKS,43600
200,1,192,2,CASTLE_STOCKS,43600
150,0,146,0,CUTHS_STOCKS,43600
113,0,109,4,HATFIELD_STOCKS,43700
109,1,105,1,COLLINGWOOD_STOCKS,43700
197,0,193,4,CHADS_STOCKS,43700
72,1,70,1,JOHNS_STOCKS,43700
201,2,193,2,CASTLE_STOCKS,43700
151,2,147,2,CUTHS_STOCKS,43700
113,1,111,1,HATFIELD_STOCKS,43800
108,2,106,0,COLLINGWOOD_STOCKS,43800
197,0,193,1,CHADS_STOCKS,43800
72,4,68,1,JOHNS_STOCKS,43800
201,6,193,4,CASTLE_STOCKS,43800
151,0,147,0,CUTHS_STOCKS,43800
113,0,109,0,HATFIELD_STOCKS,43900
108,2,106,1,COLLINGWOOD_STOCKS,43900
195,3,191,0,CHADS_STOCKS,43900
72,0,70,0,JOHNS_STOCKS,43900
200,9,194,5,CASTLE_STOCKS,43900
150,0,146,0,CUTHS_STOCKS,43900
113,0,109,0,HATFIELD_STOCKS,44000
108,1,104,2,COLLINGWOOD_STOCKS,44000
193,0,189,0,CHADS_STOCKS,44000
74,0,70,2,JOHNS_STOCKS,44000
201,4,193,1,CASTLE_STOCKS,44000
150,0,146,0,CUTHS_STOCKS,44000
113,0,109,0,HATFIELD_STOCKS,44100
109,0,105,0,COLLINGWOOD_STOCKS,44100
193,0,189,0,CHADS_STOCKS,44100
74,0,70,1,JOHNS_STOCKS,44100
200,3,194,0,CASTLE_STOCKS,44100
150,0,146,0,CUTHS_STOCKS,44100
113,0,109,0,HATFIELD_STOCKS,44200
109,0,105,0,COLLINGWOOD_STOCKS,44200
190,0,188,0,CHADS_STOCKS,44200
73,1,71,1,JOHNS_STOCKS,44200
201,6,193,2,CASTLE_STOCKS,44200
149,0,147,0,CUTHS_STOCKS,44200
112,3,110,1,HATFIELD_STOCKS,44300
109,0,105,0,COLLINGWOOD_STOCKS,44300
190,0,186,0,CHADS_STOCKS,44300
75,3,71,1,JOHNS_STOCKS,44300
200,3,194,0,CASTLE_STOCKS,44300
149,4,145,3,CUTHS_STOCKS,44300
113,1,111,1,HATFIELD_STOCKS,44400
111,0,107,2,COLLINGWOOD_STOCKS,44400
190,1,186,3,CHADS_STOCKS,44400
75,1,73,0,JOHNS_STOCKS,44400
200,6,194,1,CASTLE_STOCKS,44400
149,3,145,3,CUTHS_STOCKS,44400
112,1,110,0,HATFIELD_STOCKS,44500
111,2,107,2,COLLINGWOOD_STOCKS,44500
189,1,185,1,CHADS_STOCKS,44500
77,3,73,0,JOHNS_STOCKS,44500
201,3,193,0,CASTLE_STOCKS,44500
149,0,145,0,CUTHS_STOCKS,44500
114,3,110,1,HATFIELD_STOCKS,44600
111,0,109,0,COLLINGWOOD_STOCKS,44600
192,0,190,0,CHADS_STOCKS,44600
73,3,71,1,JOHNS_STOCKS,44600
200,0,194,6,CASTLE_STOCKS,44600
146,1,144,1,CUTHS_STOCKS,44600
113,0,111,0,HATFIELD_STOCKS,44700
112,0,108,3,COLLINGWOOD_STOCKS,44700
193,2,189,2,CHADS_STOCKS,44700
75,0,71,0,JOHNS_STOCKS,44700
200,2,194,1,CASTLE_STOCKS,44700
147,1,143,0,CUTHS_STOCKS,44700
114,0,112,2,HATFIELD_STOCKS,44800
110,0,108,0,COLLINGWOOD_STOCKS,44800
191,0,189,0,CHADS_STOCKS,44800
73,1,69,0,JOHNS_STOCKS,44800
200,0,192,0,CASTLE_STOCKS,44800
146,0,142,0,CUTHS_STOCKS,44800
115,2,111,1,HATFIELD_STOCKS,44900
112,4,108,1,COLLINGWOOD_STOCKS,44900
192,0,188,0,CHADS_STOCKS,44900
71,0,67,1,JOHNS_STOCKS,44900
199,4,193,0,CASTLE_STOCKS,44900
146,2,142,3,CUTHS_STOCKS,44900
117,1,113,0,HATFIELD_STOCKS,45000
112,3,108,2,COLLINGWOOD_STOCKS,45000
191,0,187,1,CHADS_STOCKS,45000
70,2,66,2,JOHNS_STOCKS,45000
201,1,193,1,CASTLE_STOCKS,45000
147,0,143,0,CUTHS_STOCKS,45000
116,0,112,0,HATFIELD_STOCKS,45100
111,0,109,0,COLLINGWOOD_STOCKS,45100
188,0,186,0,CHADS_STOCKS,45100
72,0,68,2,JOHNS_STOCKS,45100
201,4,193,1,CASTLE_STOCKS,45100
146,0,144,2,CUTHS_STOCKS,45100
116,0,112,0,HATFIELD_STOCKS,45200
114,1,110,0,COLLINGWOOD_STOCKS,45200
187,3,183,2,CHADS_STOCKS,45200
70,0,66,0,JOHNS_STOCKS,45200
200,2,194,3,CASTLE_STOCKS,45200
145,1,143,1,CUTHS_STOCKS,45200
116,0,114,0,HATFIELD_STOCKS,45300
114,0,110,0,COLLINGWOOD_STOCKS,45300
187,1,183,2,CHADS_STOCKS,45300
70,1,66,1,JOHNS_STOCKS,45300
202,0,194,0,CASTLE_STOCKS,45300
147,4,143,0,CUTHS_STOCKS,45300
118,0,114,0,HATFIELD_STOCKS,45400
113,0,109,1,COLLINGWOOD_STOCKS,45400
185,0,181,1,CHADS_STOCKS,45400
69,3,65,2,JOHNS_STOCKS,45400
202,7,194,0,CASTLE_STOCKS,45400
149,0,145,0,CUTHS_STOCKS,45400
117,0,113,0,HATFIELD_STOCKS,45500
113,0,111,0,COLLINGWOOD_STOCKS,45500
184,1,182,2,CHADS_STOCKS,45500
70,0,66,0,JOHNS_STOCKS,45500
202,8,194,4,CASTLE_STOCKS,45500
147,0,145,0,CUTHS_STOCKS,45500
116,0,112,1,HATFIELD_STOCKS,45600
114,0,110,1,COLLINGWOOD_STOCKS,45600
184,0,180,0,CHADS_STOCKS,45600
71,0,67,0,JOHNS_STOCKS,45600
201,0,195,0,CASTLE_STOCKS,45600
147,0,143,0,CUTHS_STOCKS,45600
116,0,112,0,HATFIELD_STOCKS,45700
113,0,109,0,COLLINGWOOD_STOCKS,45700
184,0,180,1,CHADS_STOCKS,45700
70,3,66,1,JOHNS_STOCKS,45700
202,11,194,10,CASTLE_STOCKS,45700
148,0,146,0,CUTHS_STOCKS,45700
118,0,114,3,HATFIELD_STOCKS,45800
113,2,109,2,COLLINGWOOD_STOCKS,45800
182,0,178,0,CHADS_STOCKS,45800
67,2,65,1,JOHNS_STOCKS,45800
201,4,195,2,CASTLE_STOCKS,45800
149,0,145,0,CUTHS_STOCKS,45800
118,0,114,0,HATFIELD_STOCKS,45900
113,0,109,2,COLLINGWOOD_STOCKS,45900
184,0,180,0,CHADS_STOCKS,45900
68,2,64,3,JOHNS_STOCKS,45900
202,3,194,6,CASTLE_STOCKS,45900
149,0,145,0,CUTHS_STOCKS,45900
119,1,117,1,HATFIELD_STOCKS,46000
113,4,109,3,COLLINGWOOD_STOCKS,46000
184,2,180,2,CHADS_STOCKS,46000
68,0,64,2,JOHNS_STOCKS,46000
202,0,194,1,CASTLE_STOCKS,46000
148,0,146,0,CUTHS_STOCKS,46000
119,0,115,0,HATFIELD_STOCKS,46100
113,0,109,0,COLLINGWOOD_STOCKS,46100
184,1,180,1,CHADS_STOCKS,46100
69,0,65,3,JOHNS_STOCKS,46100
202,0,194,0,CASTLE_STOCKS,46100
148,0,146,0,CUTHS_STOCKS,46100
119,4,115,2,HATFIELD_STOCKS,46200
113,3,109,3,COLLINGWOOD_STOCKS,46200
183,0,179,0,CHADS_STOCKS,46200
69,0,65,0,JOHNS_STOCKS,46200
203,1,195,11,CASTLE_STOCKS,46200
149,3,145,2,CUTHS_STOCKS,46200
119,0,115,0,HATFIELD_STOCKS,46300
113,0,109,1,COLLINGWOOD_STOCKS,46300
183,0,179,0,CHADS_STOCKS,46300
65,1,63,1,JOHNS_STOCKS,46300
203,7,195,4,CASTLE_STOCKS,46300
148,2,144,3,CUTHS_STOCKS,46300
118,0,116,0,HATFIELD_STOCKS,46400
113,0,111,0,COLLINGWOOD_STOCKS,46400
183,1,179,0,CHADS_STOCKS,46400
66,1,62,0,JOHNS_STOCKS,46400
203,0,195,0,CASTLE_STOCKS,46400
149,0,145,0,CUTHS_STOCKS,46400
120,0,116,0,HATFIELD_STOCKS,46500
111,1,109,4,COLLINGWOOD_STOCKS,46500
182,0,178,0,CHADS_STOCKS,46500
66,0,62,0,JOHNS_STOCKS,46500
203,4,195,9,CASTLE_STOCKS,46500
148,1,146,0,CUTHS_STOCKS,46500
119,0,117,4,HATFIELD_STOCKS,46600
112,0,108,0,COLLINGWOOD_STOCKS,46600
182,4,178,4,CHADS_STOCKS,46600
66,0,64,0,JOHNS_STOCKS,46600
203,4,195,0,CASTLE_STOCKS,46600
149,3,147,1,CUTHS_STOCKS,46600
118,0,116,0,HATFIELD_STOCKS,46700
112,0,108,0,COLLINGWOOD_STOCKS,46700
181,0,179,0,CHADS_STOCKS,46700
68,0,64,1,JOHNS_STOCKS,46700
203,0,197,0,CASTLE_STOCKS,46700
150,1,148,0,CUTHS_STOCKS,46700
118,2,114,1,HATFIELD_STOCKS,46800
111,0,107,0,COLLINGWOOD_STOCKS,46800
183,0,179,1,CHADS_STOCKS,46800
67,1,65,0,JOHNS_STOCKS,46800
204,2,196,1,CASTLE_STOCKS,46800
151,0,147,4,CUTHS_STOCKS,46800
120,2,116,1,HATFIELD_STOCKS,46900
112,0,108,3,COLLINGWOOD_STOCKS,46900
183,0,179,1,CHADS_STOCKS,46900
68,1,64,3,JOHNS_STOCKS,46900
204,0,196,2,CASTLE_STOCKS,46900
152,0,148,0,CUTHS_STOCKS,46900
120,4,116,1,HATFIELD_STOCKS,47000
111,0,109,0,COLLINGWOOD_STOCKS,47000
184,2,180,2,CHADS_STOCKS,47000
68,0,64,0,JOHNS_STOCKS,47000
204,1,198,1,CASTLE_STOCKS,47000
152,0,150,0,CUTHS_STOCKS,47000
119,0,117,1,HATFIELD_STOCKS,47100
113,2,109,2,COLLINGWOOD_STOCKS,47100
182,1,178,1,CHADS_STOCKS,47100
67,0,65,0,JOHNS_STOCKS,47100
203,6,197,3,CASTLE_STOCKS,47100
152,3,148,1,CUTHS_STOCKS,47100
119,0,115,0,HATFIELD_STOCKS,47200
113,1,109,3,COLLINGWOOD_STOCKS,47200
182,0,178,0,CHADS_STOCKS,47200
67,0,63,0,JOHNS_STOCKS,47200
205,0,197,2,CASTLE_STOCKS,47200
152,4,148,0,CUTHS_STOCKS,47200
120,2,116,0,HATFIELD_STOCKS,47300
115,1,111,1,COLLINGWOOD_STOCKS,47300
181,0,179,0,CHADS_STOCKS,47300
65,2,61,2,JOHNS_STOCKS,47300
203,2,197,4,CASTLE_STOCKS,47300
152,0,148,0,CUTHS_STOCKS,47300
119,1,115,3,HATFIELD_STOCKS,47400
113,0,109,0,COLLINGWOOD_STOCKS,47400
181,0,179,0,CHADS_STOCKS,47400
66,0,62,2,JOHNS_STOCKS,47400
204,4,196,5,CASTLE_STOCKS,47400
153,2,149,0,CUTHS_STOCKS,47400
119,3,117,0,HATFIELD_STOCKS,47500
114,1,112,3,COLLINGWOOD_STOCKS,47500
182,0,178,0,CHADS_STOCKS,47500
64,0,62,0,JOHNS_STOCKS,47500
204,2,196,0,CASTLE_STOCKS,47500
151,1,147,0,CUTHS_STOCKS,47500
121,0,117,0,HATFIELD_STOCKS,47600
113,2,111,1,COLLINGWOOD_STOCKS,47600
183,4,179,2,CHADS_STOCKS,47600
64,0,60,0,JOHNS_STOCKS,47600
205,0,197,6,CASTLE_STOCKS,47600
150,2,146,0,CUTHS_STOCKS,47600
122,2,118,0,HATFIELD_STOCKS,47700
115,1,111,1,COLLINGWOOD_STOCKS,47700
182,1,178,0,CHADS_STOCKS,47700
65,0,61,0,JOHNS_STOCKS,47700
204,6,196,11,CASTLE_STOCKS,47700
150,1,148,1,CUTHS_STOCKS,47700
122,0,118,0,HATFIELD_STOCKS,47800
116,3,112,4,COLLINGWOOD_STOCKS,47800
179,0,177,1,CHADS_STOCKS,47800
62,0,60,0,JOHNS_STOCKS,47800
203,0,197,1,CASTLE_STOCKS,47800
150,4,146,2,CUTHS_STOCKS,47800
122,0,118,3,HATFIELD_STOCKS,47900
115,0,113,2,COLLINGWOOD_STOCKS,47900
180,1,176,1,CHADS_STOCKS,47900
61,0,57,0,JOHNS_STOCKS,47900
204,8,196,1,CASTLE_STOCKS,47900
149,0,147,0,CUTHS_STOCKS,47900
120,0,116,0,HATFIELD_STOCKS,48000
115,1,111,1,COLLINGWOOD_STOCKS,48000
179,2,177,4,CHADS_STOCKS,48000
60,2,56,2,JOHNS_STOCKS,48000
205,4,197,1,CASTLE_STOCKS,48000
150,3,148,1,CUTHS_STOCKS,48000
119,0,115,0,HATFIELD_STOCKS,48100
116,0,112,0,COLLINGWOOD_STOCKS,48100
180,0,176,0,CHADS_STOCKS,48100
61,0,57,1,JOHNS_STOCKS,48100
203,9,197,3,CASTLE_STOCKS,48100
149,1,147,1,CUTHS_STOCKS,48100
119,1,117,2,HATFIELD_STOCKS,48200
115,0,113,1,COLLINGWOOD_STOCKS,48200
179,0,177,0,CHADS_STOCKS,48200
60,0,56,3,JOHNS_STOCKS,48200
205,0,197,0,CASTLE_STOCKS,48200
150,0,148,3,CUTHS_STOCKS,48200
120,0,116,1,HATFIELD_STOCKS,48300
116,4,112,0,COLLINGWOOD_STOCKS,48300
179,0,175,0,CHADS_STOCKS,48300
61,1,57,1,JOHNS_STOCKS,48300
204,0,198,2,CASTLE_STOCKS,48300
151,3,147,0,CUTHS_STOCKS,48300
117,2,113,2,HATFIELD_STOCKS,48400
115,1,111,1,COLLINGWOOD_STOCKS,48400
179,0,175,0,CHADS_STOCKS,48400
63,0,61,0,JOHNS_STOCKS,48400
205,0,197,1,CASTLE_STOCKS,48400
152,0,148,0,CUTHS_STOCKS,48400
117,0,115,0,HATFIELD_STOCKS,48500
115,1,113,2,COLLINGWOOD_STOCKS,48500
177,0,175,2,CHADS_STOCKS,48500
63,1,61,1,JOHNS_STOCKS,48500
204,5,198,5,CASTLE_STOCKS,48500
153,1,149,1,CUTHS_STOCKS,48500
119,2,115,0,HATFIELD_STOCKS,48600
116,1,112,0,COLLINGWOOD_STOCKS,48600
181,0,177,0,CHADS_STOCKS,48600
62,0,58,1,JOHNS_STOCKS,48600
205,4,197,5,CASTLE_STOCKS,48600
150,3,148,2,CUTHS_STOCKS,48600
119,0,115,0,HATFIELD_STOCKS,48700
115,0,113,1,COLLINGWOOD_STOCKS,48700
178,0,176,2,CHADS_STOCKS,48700
63,2,59,2,JOHNS_STOCKS,48700
205,4,197,8,CASTLE_STOCKS,48700
151,1,147,0,CUTHS_STOCKS,48700
120,3,116,3,HATFIELD_STOCKS,48800
116,4,112,1,COLLINGWOOD_STOCKS,48800
180,0,176,4,CHADS_STOCKS,48800
62,1,60,1,JOHNS_STOCKS,48800
205,0,197,0,CASTLE_STOCKS,48800
151,0,147,0,CUTHS_STOCKS,48800
120,2,116,0,HATFIELD_STOCKS,48900
116,0,112,1,COLLINGWOOD_STOCKS,48900
180,0,176,1,CHADS_STOCKS,48900
61,4,59,4,JOHNS_STOCKS,48900
204,1,198,6,CASTLE_STOCKS,48900
150,1,146,2,CUTHS_STOCKS,48900
119,0,115,0,HATFIELD_STOCKS,49000
114,0,112,0,COLLINGWOOD_STOCKS,49000
179,0,177,0,CHADS_STOCKS,49000
62,2,58,4,JOHNS_STOCKS,49000
204,0,196,5,CASTLE_STOCKS,49000
150,1,146,1,CUTHS_STOCKS,49000
119,2,115,1,HATFIELD_STOCKS,49100
114,3,110,1,COLLINGWOOD_STOCKS,49100
177,0,173,0,CHADS_STOCKS,49100
63,0,59,1,JOHNS_STOCKS,49100
204,4,196,1,CASTLE_STOCKS,49100
149,0,145,0,CUTHS_STOCKS,49100
118,1,116,0,HATFIELD_STOCKS,49200
115,0,111,3,COLLINGWOOD_STOCKS,49200
179,0,175,0,CHADS_STOCKS,49200
61,3,57,0,JOHNS_STOCKS,49200
204,0,196,0,CASTLE_STOCKS,49200
149,4,145,3,CUTHS_STOCKS,49200
119,0,117,0,HATFIELD_STOCKS,49300
115,0,111,0,COLLINGWOOD_STOCKS,49300
177,0,175,2,CHADS_STOCKS,49300
61,1,57,1,JOHNS_STOCKS,49300
204,2,196,2,CASTLE_STOCKS,49300
148,0,144,0,CUTHS_STOCKS,49300
121,1,117,1,HATFIELD_STOCKS,49400
115,2,111,2,COLLINGWOOD_STOCKS,49400
180,3,176,2,CHADS_STOCKS,49400
62,0,58,0,JOHNS_STOCKS,49400
204,6,196,0,CASTLE_STOCKS,49400
146,0,144,0,CUTHS_STOCKS,49400
120,0,118,0,HATFIELD_STOCKS,49500
115,0,113,0,COLLINGWOOD_STOCKS,49500
180,0,176,0,CHADS_STOCKS,49500
61,0,57,1,JOHNS_STOCKS,49500
204,6,196,11,CASTLE_STOCKS,49500
148,0,144,0,CUTHS_STOCKS,49500
121,1,119,3,HATFIELD_STOCKS,49600
116,2,112,1,COLLINGWOOD_STOCKS,49600
179,2,177,1,CHADS_STOCKS,49600
61,3,57,2,JOHNS_STOCKS,49600
204,2,196,3,CASTLE_STOCKS,49600
147,4,145,3,CUTHS_STOCKS,49600
122,0,118,2,HATFIELD_STOCKS,49700
114,2,112,2,COLLINGWOOD_STOCKS,49700
178,1,176,2,CHADS_STOCKS,49700
63,1,61,3,JOHNS_STOCKS,49700
204,6,196,4,CASTLE_STOCKS,49700
148,0,144,0,CUTHS_STOCKS,49700
122,0,118,0,HATFIELD_STOCKS,49800
114,0,112,0,COLLINGWOOD_STOCKS,49800
177,1,175,0,CHADS_STOCKS,49800
64,0,60,0,JOHNS_STOCKS,49800
204,9,196,1,CASTLE_STOCKS,49800
146,4,144,3,CUTHS_STOCKS,49800
121,2,117,2,HATFIELD_STOCKS,49900
114,2,112,1,COLLINGWOOD_STOCKS,49900
175,1,171,1,CHADS_STOCKS,49900
65,0,63,0,JOHNS_STOCKS,49900
204,8,196,8,CASTLE_STOCKS,49900
148,1,144,1,CUTHS_STOCKS,49900
121,0,117,1,HATFIELD_STOCKS,50000
115,0,111,0,COLLINGWOOD_STOCKS,50000
175,0,171,1,CHADS_STOCKS,50000
64,1,60,2,JOHNS_STOCKS,50000
203,3,197,1,CASTLE_STOCKS,50000
147,3,143,4,CUTHS_STOCKS,50000
121,0,117,1,HATFIELD_STOCKS,50100
115,0,111,0,COLLINGWOOD_STOCKS,50100
173,0,169,0,CHADS_STOCKS,50100
64,0,62,0,JOHNS_STOCKS,50100
203,1,197,4,CASTLE_STOCKS,50100
146,3,144,3,CUTHS_STOCKS,50100
120,4,118,3,HATFIELD_STOCKS,50200
115,2,111,1,COLLINGWOOD_STOCKS,50200
171,0,169,0,CHADS_STOCKS,50200
65,1,61,1,JOHNS_STOCKS,50200
203,0,195,4,CASTLE_STOCKS,50200
145,0,141,0,CUTHS_STOCKS,50200
121,1,117,1,HATFIELD_STOCKS,50300
115,1,111,1,COLLINGWOOD_STOCKS,50300
170,3,166,3,CHADS_STOCKS,50300
67,0,63,0,JOHNS_STOCKS,50300
203,3,195,3,CASTLE_STOCKS,50300
144,3,142,3,CUTHS_STOCKS,50300
122,0,118,0,HATFIELD_STOCKS,50400
113,0,111,0,COLLINGWOOD_STOCKS,50400
169,0,167,1,CHADS_STOCKS,50400
67,0,63,1,JOHNS_STOCKS,50400
202,2,196,11,CASTLE_STOCKS,50400
145,0,141,0,CUTHS_STOCKS,50400
121,0,119,0,HATFIELD_STOCKS,50500
115,0,111,0,COLLINGWOOD_STOCKS,50500
170,0,166,0,CHADS_STOCKS,50500
67,0,63,2,JOHNS_STOCKS,50500
203,9,195,5,CASTLE_STOCKS,50500
145,0,143,0,CUTHS_STOCKS,50500
122,0,120,3,HATFIELD_STOCKS,50600
115,0,113,0,COLLINGWOOD_STOCKS,50600
170,0,168,0,CHADS_STOCKS,50600
66,4,64,2,JOHNS_STOCKS,50600
