,timestamp,bid_price_1,bid_volume_1,bid_price_2,bid_volume_2,bid_price_3,bid_volume_3,ask_price_1,ask_volume_1,ask_price_2,ask_volume_2,ask_price_3,ask_volume_3,product
0,100,78.0,0,77.0,3,76.0,6,82.0,2,83.0,4,84.0,7,Put
0,100,79.0,0,78.0,3,77.0,9,81.0,2,82.0,4,83.0,7,Call
0,100,79.0,1,78.0,4,77.0,8,81.0,1,82.0,2,83.0,5,Underlying
1,200,77.0,1,76.0,4,75.0,8,85.0,0,86.0,2,87.0,5,Put
1,200,75.0,0,74.0,3,73.0,10,83.0,1,84.0,2,85.0,6,Call
1,200,80.0,0,79.0,3,78.0,5,82.0,0,83.0,3,84.0,7,Underlying
2,300,80.0,2,79.0,4,78.0,7,88.0,1,89.0,2,90.0,8,Put
2,300,75.0,0,74.0,4,73.0,6,79.0,1,80.0,3,81.0,7,Call
2,300,80.0,2,79.0,5,78.0,5,88.0,2,89.0,4,90.0,5,Underlying
3,400,83.0,2,82.0,4,81.0,6,85.0,2,86.0,3,87.0,10,Put
3,400,75.0,1,74.0,2,73.0,10,79.0,0,80.0,5,81.0,9,Call
3,400,83.0,1,82.0,3,81.0,8,85.0,1,86.0,3,87.0,10,Underlying
4,500,72.0,2,71.0,3,70.0,8,80.0,2,81.0,2,82.0,5,Call
4,500,84.0,1,83.0,4,82.0,8,92.0,0,93.0,4,94.0,8,Underlying
4,500,84.0,2,83.0,2,82.0,6,92.0,2,93.0,3,94.0,9,Put
5,600,83.0,1,82.0,5,81.0,9,89.0,0,90.0,2,91.0,10,Underlying
5,600,85.0,2,84.0,5,83.0,5,87.0,2,88.0,2,89.0,9,Put
5,600,74.0,0,73.0,4,72.0,6,78.0,2,79.0,2,80.0,9,Call
6,700,83.0,1,82.0,3,81.0,6,87.0,1,88.0,3,89.0,5,Underlying
6,700,82.0,0,81.0,2,80.0,7,88.0,1,89.0,2,90.0,6,Put
6,700,75.0,2,74.0,5,73.0,6,83.0,1,84.0,4,85.0,6,Call
7,800,83.0,1,82.0,4,81.0,10,85.0,2,86.0,4,87.0,9,Underlying
7,800,81.0,1,80.0,2,79.0,6,87.0,2,88.0,3,89.0,6,Put
7,800,74.0,1,73.0,4,72.0,6,82.0,2,83.0,5,84.0,8,Call
8,900,82.0,1,81.0,5,80.0,5,86.0,2,87.0,3,88.0,9,Underlying
8,900,78.0,0,77.0,5,76.0,10,82.0,0,83.0,3,84.0,7,Call
8,900,83.0,0,82.0,3,81.0,6,85.0,2,86.0,2,87.0,10,Put
9,1000,75.0,2,74.0,4,73.0,10,81.0,2,82.0,3,83.0,5,Call
9,1000,84.0,1,83.0,4,82.0,8,86.0,2,87.0,3,88.0,9,Underlying
9,1000,83.0,1,82.0,5,81.0,7,87.0,2,88.0,3,89.0,9,Put
10,1100,78.0,0,77.0,2,76.0,7,82.0,1,83.0,3,84.0,5,Call
10,1100,79.0,1,78.0,5,77.0,7,85.0,1,86.0,5,87.0,7,Underlying
10,1100,78.0,1,77.0,5,76.0,8,86.0,2,87.0,3,88.0,5,Put
11,1200,78.0,1,77.0,4,76.0,7,82.0,2,83.0,2,84.0,9,Call
11,1200,78.0,2,77.0,4,76.0,10,82.0,0,83.0,5,84.0,6,Underlying
11,1200,79.0,0,78.0,5,77.0,5,81.0,1,82.0,5,83.0,9,Put
12,1300,80.0,1,79.0,3,78.0,5,82.0,2,83.0,3,84.0,5,Underlying
12,1300,77.0,2,76.0,4,75.0,9,85.0,0,86.0,2,87.0,8,Put
12,1300,78.0,0,77.0,3,76.0,9,80.0,2,81.0,5,82.0,8,Call
13,1400,79.0,2,78.0,2,77.0,5,87.0,1,88.0,4,89.0,8,Put
13,1400,75.0,1,74.0,3,73.0,8,83.0,2,84.0,3,85.0,8,Call
13,1400,81.0,2,80.0,4,79.0,10,85.0,2,86.0,2,87.0,8,Underlying
14,1500,81.0,1,80.0,4,79.0,10,89.0,0,90.0,3,91.0,8,Put
14,1500,72.0,0,71.0,3,70.0,10,80.0,1,81.0,5,82.0,9,Call
14,1500,82.0,0,81.0,4,80.0,10,88.0,2,89.0,4,90.0,9,Underlying
15,1600,84.0,1,83.0,4,82.0,9,86.0,1,87.0,5,88.0,10,Put
15,1600,75.0,0,74.0,5,73.0,5,79.0,1,80.0,2,81.0,5,Call
15,1600,82.0,2,81.0,3,80.0,9,88.0,1,89.0,5,90.0,7,Underlying
16,1700,76.0,0,75.0,5,74.0,5,78.0,2,79.0,5,80.0,5,Call
16,1700,79.0,0,78.0,3,77.0,8,85.0,0,86.0,3,87.0,7,Underlying
16,1700,79.0,0,78.0,3,77.0,7,85.0,1,86.0,4,87.0,10,Put
17,1800,82.0,2,81.0,3,80.0,5,88.0,0,89.0,4,90.0,6,Underlying
17,1800,81.0,1,80.0,3,79.0,10,89.0,1,90.0,4,91.0,9,Put
17,1800,73.0,0,72.0,3,71.0,7,77.0,2,78.0,5,79.0,8,Call
18,1900,83.0,1,82.0,3,81.0,8,85.0,1,86.0,4,87.0,6,Underlying
18,1900,82.0,0,81.0,3,80.0,6,86.0,0,87.0,4,88.0,8,Put
18,1900,72.0,2,71.0,2,70.0,5,80.0,2,81.0,4,82.0,8,Call
19,2000,80.0,2,79.0,4,78.0,5,88.0,1,89.0,2,90.0,10,Underlying
19,2000,83.0,1,82.0,3,81.0,8,85.0,2,86.0,5,87.0,9,Put
19,2000,74.0,1,73.0,5,72.0,10,78.0,1,79.0,4,80.0,6,Call
20,2100,80.0,2,79.0,2,78.0,7,84.0,2,85.0,4,86.0,6,Put
20,2100,75.0,0,74.0,2,73.0,7,81.0,2,82.0,2,83.0,5,Call
20,2100,79.0,2,78.0,2,77.0,6,85.0,0,86.0,3,87.0,6,Underlying
21,2200,78.0,2,77.0,2,76.0,10,80.0,2,81.0,2,82.0,9,Call
21,2200,77.0,0,76.0,5,75.0,10,81.0,1,82.0,5,83.0,5,Underlying
21,2200,78.0,0,77.0,3,76.0,10,80.0,0,81.0,3,82.0,5,Put
22,2300,78.0,1,77.0,5,76.0,7,84.0,1,85.0,2,86.0,5,Call
22,2300,77.0,2,76.0,3,75.0,9,79.0,2,80.0,4,81.0,6,Underlying
22,2300,77.0,2,76.0,5,75.0,5,79.0,0,80.0,4,81.0,8,Put
23,2400,80.0,1,79.0,3,78.0,8,84.0,0,85.0,2,86.0,10,Call
23,2400,75.0,1,74.0,5,73.0,9,83.0,0,84.0,5,85.0,7,Underlying
23,2400,78.0,2,77.0,5,76.0,6,80.0,0,81.0,3,82.0,8,Put
24,2500,79.0,0,78.0,5,77.0,9,83.0,0,84.0,2,85.0,9,Call
24,2500,79.0,0,78.0,5,77.0,10,83.0,1,84.0,3,85.0,7,Put
24,2500,79.0,1,78.0,3,77.0,5,83.0,2,84.0,2,85.0,9,Underlying
25,2600,82.0,1,81.0,3,80.0,7,84.0,2,85.0,3,86.0,6,Put
25,2600,76.0,1,75.0,5,74.0,6,80.0,1,81.0,2,82.0,10,Call
25,2600,82.0,0,81.0,4,80.0,6,84.0,2,85.0,2,86.0,5,Underlying
26,2700,80.0,1,79.0,3,78.0,10,82.0,0,83.0,5,84.0,6,Put
26,2700,77.0,0,76.0,3,75.0,10,79.0,2,80.0,3,81.0,6,Call
26,2700,80.0,2,79.0,5,78.0,5,82.0,0,83.0,5,84.0,6,Underlying
27,2800,75.0,0,74.0,5,73.0,9,83.0,0,84.0,4,85.0,10,Put
27,2800,77.0,1,76.0,4,75.0,10,81.0,0,82.0,4,83.0,9,Call
27,2800,77.0,0,76.0,5,75.0,5,81.0,0,82.0,4,83.0,8,Underlying
28,2900,79.0,0,78.0,5,77.0,10,83.0,2,84.0,2,85.0,8,Call
28,2900,75.0,1,74.0,5,73.0,9,79.0,2,80.0,4,81.0,10,Underlying
28,2900,73.0,2,72.0,2,71.0,8,81.0,2,82.0,5,83.0,9,Put
29,3000,73.0,0,72.0,5,71.0,8,81.0,2,82.0,4,83.0,10,Underlying
29,3000,73.0,0,72.0,4,71.0,5,81.0,2,82.0,5,83.0,9,Put
29,3000,77.0,2,76.0,3,75.0,6,81.0,0,82.0,5,83.0,6,Call
30,3100,73.0,2,72.0,5,71.0,6,79.0,0,80.0,2,81.0,7,Underlying
30,3100,72.0,0,71.0,4,70.0,8,80.0,2,81.0,4,82.0,8,Put
30,3100,76.0,1,75.0,2,74.0,9,84.0,0,85.0,4,86.0,9,Call
31,3200,74.0,1,73.0,2,72.0,5,80.0,1,81.0,4,82.0,9,Underlying
31,3200,76.0,0,75.0,5,74.0,7,78.0,1,79.0,5,80.0,10,Put
31,3200,75.0,0,74.0,2,73.0,6,81.0,1,82.0,5,83.0,6,Call
32,3300,75.0,2,74.0,2,73.0,10,77.0,2,78.0,4,79.0,5,Underlying
32,3300,73.0,1,72.0,4,71.0,8,81.0,0,82.0,4,83.0,9,Call
32,3300,75.0,2,74.0,4,73.0,6,77.0,2,78.0,3,79.0,8,Put
33,3400,75.0,2,74.0,2,73.0,8,81.0,2,82.0,5,83.0,6,Call
33,3400,73.0,0,72.0,3,71.0,10,79.0,0,80.0,5,81.0,6,Underlying
33,3400,72.0,2,71.0,3,70.0,10,80.0,2,81.0,3,82.0,5,Put
34,3500,77.0,1,76.0,4,75.0,5,81.0,0,82.0,3,83.0,6,Call
34,3500,76.0,0,75.0,3,74.0,10,80.0,0,81.0,4,82.0,8,Underlying
34,3500,75.0,1,74.0,2,73.0,5,81.0,2,82.0,3,83.0,5,Put
35,3600,79.0,2,78.0,2,77.0,5,81.0,0,82.0,5,83.0,9,Call
35,3600,75.0,0,74.0,5,73.0,9,81.0,2,82.0,3,83.0,5,Underlying
35,3600,76.0,0,75.0,3,74.0,6,80.0,0,81.0,5,82.0,6,Put
36,3700,75.0,0,74.0,4,73.0,10,79.0,1,80.0,2,81.0,9,Underlying
36,3700,73.0,1,72.0,5,71.0,10,81.0,0,82.0,5,83.0,5,Put
36,3700,78.0,1,77.0,3,76.0,7,84.0,0,85.0,2,86.0,5,Call
37,3800,78.0,0,77.0,3,76.0,10,82.0,0,83.0,3,84.0,7,Put
37,3800,78.0,1,77.0,4,76.0,7,80.0,1,81.0,2,82.0,9,Call
37,3800,76.0,2,75.0,2,74.0,7,84.0,0,85.0,4,86.0,6,Underlying
38,3900,77.0,1,76.0,3,75.0,5,83.0,0,84.0,3,85.0,9,Put
38,3900,75.0,2,74.0,5,73.0,7,83.0,1,84.0,3,85.0,6,Call
38,3900,76.0,0,75.0,2,74.0,8,84.0,1,85.0,3,86.0,6,Underlying
39,4000,75.0,2,74.0,3,73.0,9,83.0,2,84.0,4,85.0,10,Put
39,4000,80.0,0,79.0,4,78.0,10,82.0,1,83.0,4,84.0,9,Call
39,4000,77.0,1,76.0,3,75.0,10,81.0,0,82.0,2,83.0,5,Underlying
40,4100,79.0,2,78.0,5,77.0,5,81.0,2,82.0,4,83.0,9,Put
40,4100,77.0,1,76.0,5,75.0,5,83.0,0,84.0,4,85.0,9,Underlying
40,4100,80.0,0,79.0,5,78.0,5,84.0,0,85.0,4,86.0,8,Call
41,4200,80.0,1,79.0,4,78.0,7,82.0,0,83.0,2,84.0,8,Underlying
41,4200,79.0,0,78.0,4,77.0,10,83.0,1,84.0,4,85.0,8,Put
41,4200,81.0,1,80.0,3,79.0,6,87.0,1,88.0,3,89.0,8,Call
42,4300,81.0,1,80.0,4,79.0,7,85.0,0,86.0,3,87.0,9,Underlying
42,4300,79.0,1,78.0,2,77.0,7,87.0,2,88.0,5,89.0,10,Put
42,4300,81.0,0,80.0,4,79.0,5,85.0,1,86.0,2,87.0,9,Call
43,4400,81.0,0,80.0,4,79.0,5,85.0,2,86.0,5,87.0,9,Underlying
43,4400,80.0,2,79.0,4,78.0,9,86.0,2,87.0,4,88.0,5,Put
43,4400,76.0,1,75.0,3,74.0,9,84.0,2,85.0,4,86.0,9,Call
44,4500,76.0,1,75.0,2,74.0,9,84.0,0,85.0,5,86.0,5,Put
44,4500,81.0,2,80.0,3,79.0,6,83.0,2,84.0,3,85.0,6,Call
44,4500,76.0,0,75.0,4,74.0,8,84.0,1,85.0,4,86.0,10,Underlying
45,4600,79.0,0,78.0,5,77.0,5,85.0,0,86.0,4,87.0,6,Call
45,4600,79.0,2,78.0,4,77.0,9,81.0,1,82.0,5,83.0,10,Underlying
45,4600,76.0,1,75.0,2,74.0,8,84.0,0,85.0,4,86.0,6,Put
46,4700,82.0,2,81.0,4,80.0,7,86.0,0,87.0,4,88.0,10,Call
46,4700,78.0,0,77.0,3,76.0,9,82.0,0,83.0,4,84.0,6,Underlying
46,4700,77.0,1,76.0,2,75.0,8,83.0,0,84.0,5,85.0,10,Put
47,4800,76.0,2,75.0,4,74.0,10,84.0,2,85.0,4,86.0,6,Call
47,4800,77.0,0,76.0,2,75.0,5,85.0,0,86.0,5,87.0,7,Underlying
47,4800,79.0,0,78.0,4,77.0,8,83.0,1,84.0,3,85.0,7,Put
48,4900,76.0,2,75.0,5,74.0,9,84.0,2,85.0,5,86.0,8,Underlying
48,4900,79.0,2,78.0,2,77.0,5,81.0,1,82.0,3,83.0,8,Put
48,4900,79.0,0,78.0,2,77.0,9,81.0,1,82.0,3,83.0,7,Call
49,5000,78.0,1,77.0,4,76.0,8,80.0,1,81.0,4,82.0,7,Put
49,5000,80.0,0,79.0,4,78.0,6,86.0,2,87.0,4,88.0,5,Call
49,5000,75.0,0,74.0,4,73.0,8,83.0,1,84.0,3,85.0,10,Underlying
50,5100,75.0,0,74.0,2,73.0,8,79.0,1,80.0,4,81.0,9,Put
50,5100,83.0,0,82.0,3,81.0,8,87.0,0,88.0,5,89.0,7,Call
50,5100,75.0,1,74.0,4,73.0,5,79.0,2,80.0,4,81.0,7,Underlying
51,5200,72.0,2,71.0,3,70.0,7,80.0,0,81.0,2,82.0,10,Put
51,5200,84.0,0,83.0,5,82.0,9,90.0,2,91.0,5,92.0,6,Call
51,5200,73.0,1,72.0,2,71.0,5,79.0,2,80.0,5,81.0,5,Underlying
52,5300,85.0,1,84.0,2,83.0,8,93.0,0,94.0,2,95.0,7,Call
52,5300,69.0,0,68.0,2,67.0,5,77.0,0,78.0,5,79.0,6,Underlying
52,5300,71.0,1,70.0,4,69.0,9,75.0,0,76.0,4,77.0,6,Put
53,5400,70.0,0,69.0,4,68.0,5,76.0,1,77.0,4,78.0,10,Underlying
53,5400,71.0,2,70.0,3,69.0,9,75.0,0,76.0,5,77.0,5,Put
53,5400,89.0,1,88.0,4,87.0,5,93.0,2,94.0,5,95.0,10,Call
54,5500,68.0,0,67.0,2,66.0,6,72.0,1,73.0,2,74.0,8,Underlying
54,5500,68.0,0,67.0,4,66.0,8,72.0,0,73.0,4,74.0,9,Put
54,5500,91.0,1,90.0,2,89.0,6,95.0,1,96.0,5,97.0,6,Call
55,5600,69.0,2,68.0,3,67.0,7,71.0,0,72.0,2,73.0,5,Underlying
55,5600,69.0,0,68.0,3,67.0,8,71.0,0,72.0,5,73.0,8,Put
55,5600,92.0,1,91.0,5,90.0,7,96.0,0,97.0,3,98.0,10,Call
56,5700,68.0,1,67.0,4,66.0,9,70.0,1,71.0,4,72.0,9,Underlying
56,5700,91.0,2,90.0,5,89.0,7,95.0,1,96.0,5,97.0,6,Call
56,5700,65.0,2,64.0,5,63.0,6,73.0,2,74.0,4,75.0,6,Put
57,5800,91.0,0,90.0,3,89.0,5,99.0,0,100.0,4,101.0,5,Call
57,5800,66.0,1,65.0,3,64.0,9,74.0,0,75.0,2,76.0,10,Underlying
57,5800,69.0,1,68.0,5,67.0,8,71.0,1,72.0,4,73.0,7,Put
58,5900,90.0,0,89.0,5,88.0,5,96.0,2,97.0,3,98.0,6,Call
58,5900,68.0,2,67.0,2,66.0,7,76.0,0,77.0,3,78.0,9,Underlying
58,5900,71.0,2,70.0,4,69.0,7,73.0,2,74.0,2,75.0,6,Put
59,6000,91.0,0,90.0,5,89.0,5,93.0,0,94.0,4,95.0,8,Call
59,6000,74.0,1,73.0,4,72.0,6,76.0,0,77.0,5,78.0,6,Underlying
59,6000,71.0,1,70.0,3,69.0,10,79.0,2,80.0,4,81.0,10,Put
60,6100,72.0,2,71.0,2,70.0,7,78.0,0,79.0,4,80.0,10,Underlying
60,6100,72.0,1,71.0,5,70.0,5,78.0,2,79.0,2,80.0,10,Put
60,6100,93.0,0,92.0,3,91.0,6,95.0,0,96.0,4,97.0,7,Call
61,6200,71.0,1,70.0,3,69.0,5,75.0,2,76.0,2,77.0,9,Put
61,6200,94.0,0,93.0,3,92.0,8,100.0,0,101.0,2,102.0,8,Call
61,6200,72.0,0,71.0,2,70.0,8,74.0,2,75.0,3,76.0,10,Underlying
62,6300,70.0,1,69.0,2,68.0,9,78.0,1,79.0,5,80.0,9,Put
62,6300,95.0,0,94.0,3,93.0,5,101.0,1,102.0,5,103.0,9,Call
62,6300,72.0,2,71.0,4,70.0,9,76.0,1,77.0,5,78.0,7,Underlying
63,6400,96.0,0,95.0,3,94.0,5,100.0,1,101.0,2,102.0,7,Call
63,6400,74.0,2,73.0,3,72.0,10,76.0,2,77.0,3,78.0,6,Underlying
63,6400,72.0,0,71.0,3,70.0,5,78.0,2,79.0,4,80.0,6,Put
64,6500,73.0,0,72.0,5,71.0,9,81.0,2,82.0,5,83.0,6,Underlying
64,6500,75.0,1,74.0,2,73.0,6,79.0,2,80.0,2,81.0,9,Put
64,6500,97.0,2,96.0,3,95.0,9,99.0,1,100.0,4,101.0,7,Call
65,6600,75.0,0,74.0,4,73.0,10,77.0,1,78.0,3,79.0,6,Underlying
65,6600,73.0,2,72.0,3,71.0,6,79.0,0,80.0,2,81.0,10,Put
65,6600,96.0,0,95.0,5,94.0,7,100.0,0,101.0,5,102.0,7,Call
66,6700,72.0,2,71.0,3,70.0,6,76.0,0,77.0,5,78.0,10,Underlying
66,6700,73.0,0,72.0,5,71.0,5,75.0,0,76.0,5,77.0,9,Put
66,6700,98.0,2,97.0,5,96.0,10,104.0,1,105.0,4,106.0,5,Call
67,6800,72.0,1,71.0,5,70.0,8,80.0,1,81.0,3,82.0,6,Put
67,6800,97.0,0,96.0,2,95.0,6,103.0,2,104.0,4,105.0,8,Call
67,6800,74.0,2,73.0,2,72.0,8,78.0,0,79.0,3,80.0,6,Underlying
68,6900,94.0,0,93.0,2,92.0,10,98.0,2,99.0,4,100.0,5,Call
68,6900,76.0,1,75.0,2,74.0,10,78.0,2,79.0,5,80.0,8,Underlying
68,6900,73.0,2,72.0,5,71.0,9,81.0,2,82.0,2,83.0,8,Put
69,7000,93.0,2,92.0,2,91.0,7,99.0,0,100.0,3,101.0,8,Call
69,7000,76.0,0,75.0,3,74.0,9,78.0,0,79.0,2,80.0,10,Underlying
69,7000,76.0,0,75.0,3,74.0,9,78.0,2,79.0,3,80.0,5,Put
70,7100,94.0,0,93.0,5,92.0,8,98.0,1,99.0,5,100.0,5,Call
70,7100,74.0,0,73.0,5,72.0,7,78.0,1,79.0,3,80.0,6,Underlying
70,7100,74.0,2,73.0,5,72.0,10,78.0,0,79.0,5,80.0,5,Put
71,7200,92.0,1,91.0,2,90.0,9,96.0,0,97.0,3,98.0,6,Call
71,7200,74.0,1,73.0,4,72.0,8,80.0,1,81.0,3,82.0,8,Put
71,7200,76.0,2,75.0,3,74.0,9,78.0,2,79.0,5,80.0,9,Underlying
72,7300,76.0,0,75.0,3,74.0,6,84.0,0,85.0,4,86.0,7,Put
72,7300,89.0,0,88.0,2,87.0,7,93.0,0,94.0,4,95.0,9,Call
72,7300,78.0,0,77.0,4,76.0,8,82.0,2,83.0,3,84.0,8,Underlying
73,7400,79.0,0,78.0,5,77.0,6,83.0,2,84.0,3,85.0,6,Put
73,7400,88.0,0,87.0,2,86.0,7,94.0,0,95.0,2,96.0,6,Call
73,7400,78.0,1,77.0,5,76.0,9,84.0,1,85.0,4,86.0,6,Underlying
74,7500,80.0,1,79.0,3,78.0,8,84.0,1,85.0,3,86.0,6,Put
74,7500,85.0,2,84.0,4,83.0,7,93.0,2,94.0,4,95.0,8,Call
74,7500,78.0,0,77.0,3,76.0,10,86.0,1,87.0,2,88.0,8,Underlying
75,7600,83.0,2,82.0,4,81.0,9,91.0,1,92.0,2,93.0,7,Call
75,7600,79.0,0,78.0,3,77.0,6,83.0,0,84.0,2,85.0,8,Underlying
75,7600,79.0,1,78.0,4,77.0,6,83.0,0,84.0,3,85.0,7,Put
76,7700,81.0,2,80.0,2,79.0,5,83.0,2,84.0,3,85.0,7,Underlying
76,7700,78.0,1,77.0,3,76.0,10,86.0,2,87.0,4,88.0,9,Put
76,7700,82.0,0,81.0,4,80.0,6,88.0,1,89.0,3,90.0,10,Call
77,7800,76.0,2,75.0,5,74.0,5,82.0,1,83.0,3,84.0,7,Underlying
77,7800,76.0,2,75.0,4,74.0,7,82.0,2,83.0,2,84.0,9,Put
77,7800,83.0,2,82.0,5,81.0,9,87.0,2,88.0,3,89.0,7,Call
78,7900,78.0,1,77.0,5,76.0,6,82.0,0,83.0,4,84.0,9,Underlying
78,7900,78.0,2,77.0,3,76.0,7,82.0,1,83.0,4,84.0,10,Put
78,7900,81.0,0,80.0,5,79.0,8,85.0,0,86.0,2,87.0,7,Call
79,8000,78.0,0,77.0,3,76.0,8,82.0,2,83.0,4,84.0,6,Put
79,8000,80.0,0,79.0,4,78.0,5,84.0,2,85.0,3,86.0,5,Call
79,8000,77.0,2,76.0,5,75.0,9,83.0,0,84.0,5,85.0,6,Underlying
80,8100,75.0,1,74.0,3,73.0,10,83.0,2,84.0,2,85.0,5,Call
80,8100,80.0,2,79.0,4,78.0,6,82.0,0,83.0,5,84.0,9,Underlying
80,8100,79.0,0,78.0,3,77.0,6,83.0,1,84.0,3,85.0,10,Put
81,8200,79.0,1,78.0,4,77.0,7,81.0,0,82.0,4,83.0,10,Call
81,8200,77.0,2,76.0,3,75.0,8,85.0,0,86.0,4,87.0,10,Underlying
81,8200,78.0,1,77.0,4,76.0,8,84.0,0,85.0,2,86.0,9,Put
82,8300,77.0,0,76.0,3,75.0,5,83.0,1,84.0,3,85.0,10,Call
82,8300,80.0,0,79.0,2,78.0,6,86.0,0,87.0,4,88.0,5,Underlying
82,8300,80.0,1,79.0,2,78.0,9,86.0,1,87.0,5,88.0,9,Put
83,8400,81.0,2,80.0,3,79.0,7,89.0,1,90.0,2,91.0,6,Underlying
83,8400,81.0,2,80.0,3,79.0,9,89.0,0,90.0,5,91.0,5,Put
83,8400,77.0,0,76.0,2,75.0,7,81.0,0,82.0,5,83.0,7,Call
84,8500,83.0,2,82.0,2,81.0,6,89.0,2,90.0,5,91.0,7,Put
84,8500,73.0,2,72.0,4,71.0,5,77.0,2,78.0,5,79.0,9,Call
84,8500,85.0,1,84.0,2,83.0,6,87.0,2,88.0,5,89.0,5,Underlying
85,8600,84.0,2,83.0,4,82.0,10,90.0,0,91.0,5,92.0,7,Put
85,8600,72.0,0,71.0,3,70.0,8,78.0,0,79.0,5,80.0,7,Call
85,8600,85.0,0,84.0,2,83.0,6,89.0,1,90.0,2,91.0,7,Underlying
86,8700,83.0,1,82.0,2,81.0,5,87.0,0,88.0,3,89.0,7,Put
86,8700,77.0,2,76.0,4,75.0,6,79.0,0,80.0,5,81.0,10,Call
86,8700,83.0,2,82.0,2,81.0,6,87.0,1,88.0,5,89.0,10,Underlying
87,8800,81.0,0,80.0,2,79.0,7,87.0,0,88.0,2,89.0,9,Put
87,8800,82.0,0,81.0,4,80.0,10,86.0,2,87.0,2,88.0,8,Underlying
87,8800,73.0,0,72.0,3,71.0,10,81.0,1,82.0,5,83.0,8,Call
88,8900,83.0,2,82.0,3,81.0,5,89.0,2,90.0,4,91.0,10,Underlying
88,8900,84.0,2,83.0,3,82.0,5,88.0,2,89.0,5,90.0,8,Put
88,8900,71.0,0,70.0,5,69.0,8,79.0,0,80.0,4,81.0,10,Call
89,9000,85.0,0,84.0,3,83.0,7,87.0,0,88.0,4,89.0,6,Underlying
89,9000,84.0,0,83.0,5,82.0,10,88.0,0,89.0,5,90.0,8,Put
89,9000,69.0,0,68.0,3,67.0,5,77.0,0,78.0,4,79.0,5,Call
90,9100,84.0,2,83.0,5,82.0,6,86.0,0,87.0,3,88.0,8,Underlying
90,9100,82.0,2,81.0,5,80.0,8,88.0,1,89.0,2,90.0,9,Put
90,9100,70.0,2,69.0,4,68.0,10,74.0,2,75.0,2,76.0,6,Call
91,9200,79.0,0,78.0,2,77.0,9,87.0,2,88.0,4,89.0,8,Put
91,9200,70.0,2,69.0,4,68.0,8,78.0,2,79.0,5,80.0,9,Call
91,9200,82.0,0,81.0,4,80.0,9,84.0,0,85.0,2,86.0,9,Underlying
92,9300,72.0,1,71.0,4,70.0,8,74.0,2,75.0,3,76.0,8,Call
92,9300,86.0,0,85.0,2,84.0,8,88.0,2,89.0,2,90.0,5,Underlying
92,9300,83.0,1,82.0,2,81.0,7,91.0,0,92.0,2,93.0,9,Put
93,9400,76.0,0,75.0,2,74.0,8,78.0,1,79.0,5,80.0,7,Call
93,9400,84.0,1,83.0,4,82.0,10,88.0,1,89.0,5,90.0,6,Underlying
93,9400,82.0,0,81.0,4,80.0,5,90.0,2,91.0,3,92.0,9,Put
94,9500,73.0,1,72.0,3,71.0,10,77.0,0,78.0,4,79.0,8,Call
94,9500,87.0,0,86.0,2,85.0,8,89.0,2,90.0,5,91.0,7,Put
94,9500,85.0,2,84.0,4,83.0,8,91.0,1,92.0,4,93.0,8,Underlying
95,9600,87.0,1,86.0,4,85.0,10,93.0,0,94.0,5,95.0,5,Put
95,9600,70.0,2,69.0,3,68.0,8,76.0,2,77.0,5,78.0,8,Call
95,9600,89.0,0,88.0,4,87.0,7,91.0,1,92.0,4,93.0,5,Underlying
96,9700,84.0,2,83.0,2,82.0,7,88.0,2,89.0,3,90.0,7,Put
96,9700,71.0,0,70.0,3,69.0,7,77.0,0,78.0,5,79.0,6,Call
96,9700,84.0,0,83.0,2,82.0,9,88.0,1,89.0,5,90.0,5,Underlying
97,9800,83.0,0,82.0,4,81.0,9,87.0,1,88.0,3,89.0,7,Put
97,9800,71.0,1,70.0,4,69.0,10,79.0,2,80.0,5,81.0,5,Call
97,9800,84.0,1,83.0,4,82.0,5,86.0,1,87.0,3,88.0,8,Underlying
98,9900,72.0,1,71.0,2,70.0,9,76.0,0,77.0,3,78.0,6,Call
98,9900,83.0,1,82.0,4,81.0,8,89.0,1,90.0,4,91.0,8,Underlying
98,9900,84.0,2,83.0,2,82.0,10,88.0,1,89.0,3,90.0,5,Put
99,10000,81.0,1,80.0,2,79.0,9,89.0,0,90.0,3,91.0,5,Underlying
99,10000,81.0,2,80.0,4,79.0,6,89.0,0,90.0,4,91.0,10,Put
99,10000,71.0,1,70.0,4,69.0,9,75.0,0,76.0,3,77.0,9,Call
100,10100,83.0,1,82.0,3,81.0,7,87.0,2,88.0,3,89.0,8,Underlying
100,10100,82.0,2,81.0,2,80.0,5,88.0,2,89.0,5,90.0,9,Put
100,10100,67.0,0,66.0,4,65.0,5,75.0,2,76.0,4,77.0,6,Call
101,10200,84.0,0,83.0,2,82.0,7,92.0,1,93.0,5,94.0,9,Underlying
101,10200,84.0,0,83.0,4,82.0,8,92.0,1,93.0,2,94.0,8,Put
101,10200,69.0,2,68.0,2,67.0,5,73.0,2,74.0,2,75.0,10,Call
102,10300,87.0,0,86.0,5,85.0,7,93.0,1,94.0,5,95.0,8,Underlying
102,10300,70.0,1,69.0,4,68.0,10,72.0,1,73.0,5,74.0,10,Call
102,10300,86.0,0,85.0,4,84.0,8,94.0,1,95.0,2,96.0,7,Put
103,10400,69.0,1,68.0,3,67.0,9,73.0,1,74.0,2,75.0,5,Call
103,10400,91.0,0,90.0,4,89.0,10,93.0,2,94.0,2,95.0,10,Underlying
103,10400,91.0,0,90.0,2,89.0,7,93.0,2,94.0,2,95.0,9,Put
104,10500,65.0,0,64.0,5,63.0,9,73.0,0,74.0,2,75.0,6,Call
104,10500,91.0,2,90.0,5,89.0,10,95.0,2,96.0,2,97.0,6,Underlying
104,10500,90.0,1,89.0,2,88.0,8,96.0,2,97.0,3,98.0,10,Put
105,10600,63.0,0,62.0,5,61.0,10,67.0,1,68.0,4,69.0,7,Call
105,10600,91.0,0,90.0,4,89.0,5,97.0,2,98.0,3,99.0,5,Underlying
105,10600,91.0,1,90.0,4,89.0,5,97.0,0,98.0,4,99.0,6,Put
106,10700,91.0,1,90.0,5,89.0,7,99.0,1,100.0,3,101.0,9,Underlying
106,10700,91.0,0,90.0,2,89.0,5,99.0,2,100.0,3,101.0,7,Put
106,10700,62.0,1,61.0,5,60.0,10,68.0,0,69.0,5,70.0,9,Call
107,10800,93.0,2,92.0,3,91.0,7,101.0,0,102.0,3,103.0,10,Put
107,10800,63.0,0,62.0,3,61.0,6,67.0,2,68.0,4,69.0,7,Call
107,10800,96.0,0,95.0,5,94.0,9,98.0,2,99.0,2,100.0,9,Underlying
108,10900,95.0,1,94.0,2,93.0,8,103.0,0,104.0,3,105.0,9,Put
108,10900,61.0,2,60.0,3,59.0,9,67.0,0,68.0,2,69.0,9,Call
108,10900,96.0,2,95.0,4,94.0,5,102.0,1,103.0,2,104.0,9,Underlying
109,11000,98.0,1,97.0,4,96.0,9,102.0,1,103.0,2,104.0,8,Put
109,11000,60.0,2,59.0,2,58.0,6,62.0,1,63.0,2,64.0,8,Call
109,11000,96.0,1,95.0,5,94.0,6,104.0,1,105.0,5,106.0,10,Underlying
110,11100,60.0,2,59.0,4,58.0,6,64.0,2,65.0,5,66.0,5,Call
110,11100,96.0,0,95.0,3,94.0,7,100.0,0,101.0,3,102.0,5,Underlying
110,11100,94.0,1,93.0,4,92.0,10,102.0,0,103.0,5,104.0,6,Put
111,11200,92.0,1,91.0,5,90.0,10,100.0,2,101.0,2,102.0,9,Underlying
111,11200,92.0,0,91.0,3,90.0,5,100.0,0,101.0,3,102.0,6,Put
111,11200,58.0,1,57.0,5,56.0,9,64.0,1,65.0,4,66.0,5,Call
112,11300,94.0,1,93.0,5,92.0,6,100.0,2,101.0,3,102.0,9,Underlying
112,11300,96.0,2,95.0,2,94.0,7,98.0,2,99.0,2,100.0,9,Put
112,11300,57.0,1,56.0,2,55.0,9,63.0,1,64.0,2,65.0,6,Call
113,11400,94.0,0,93.0,2,92.0,9,98.0,1,99.0,3,100.0,5,Underlying
113,11400,93.0,1,92.0,2,91.0,5,99.0,0,100.0,2,101.0,10,Put
113,11400,60.0,0,59.0,2,58.0,10,64.0,2,65.0,2,66.0,9,Call
114,11500,94.0,2,93.0,3,92.0,6,98.0,1,99.0,2,100.0,6,Put
114,11500,60.0,2,59.0,3,58.0,10,64.0,0,65.0,4,66.0,7,Call
114,11500,95.0,2,94.0,3,93.0,10,97.0,0,98.0,5,99.0,8,Underlying
115,11600,60.0,2,59.0,5,58.0,8,62.0,1,63.0,5,64.0,5,Call
115,11600,95.0,0,94.0,2,93.0,8,99.0,2,100.0,5,101.0,6,Underlying
115,11600,93.0,0,92.0,3,91.0,5,101.0,2,102.0,3,103.0,6,Put
116,11700,57.0,1,56.0,2,55.0,8,61.0,1,62.0,4,63.0,9,Call
116,11700,94.0,1,93.0,5,92.0,9,102.0,0,103.0,2,104.0,8,Underlying
116,11700,96.0,1,95.0,4,94.0,9,100.0,1,101.0,2,102.0,9,Put
117,11800,58.0,1,57.0,2,56.0,7,64.0,0,65.0,4,66.0,9,Call
117,11800,97.0,0,96.0,5,95.0,6,99.0,1,100.0,4,101.0,8,Underlying
117,11800,95.0,1,94.0,4,93.0,8,101.0,2,102.0,2,103.0,9,Put
118,11900,57.0,1,56.0,4,55.0,10,65.0,1,66.0,2,67.0,6,Call
118,11900,95.0,2,94.0,2,93.0,7,99.0,0,100.0,2,101.0,8,Put
118,11900,95.0,2,94.0,5,93.0,10,99.0,2,100.0,5,101.0,5,Underlying
119,12000,94.0,0,93.0,2,92.0,9,102.0,2,103.0,3,104.0,7,Put
119,12000,61.0,1,60.0,3,59.0,5,63.0,0,64.0,2,65.0,7,Call
119,12000,96.0,2,95.0,2,94.0,6,100.0,1,101.0,4,102.0,10,Underlying
120,12100,95.0,1,94.0,3,93.0,7,99.0,2,100.0,2,101.0,5,Put
120,12100,62.0,2,61.0,3,60.0,5,64.0,1,65.0,2,66.0,8,Call
120,12100,94.0,1,93.0,3,92.0,6,100.0,1,101.0,3,102.0,7,Underlying
121,12200,95.0,1,94.0,2,93.0,10,101.0,2,102.0,4,103.0,5,Put
121,12200,59.0,1,58.0,3,57.0,10,63.0,0,64.0,4,65.0,10,Call
121,12200,97.0,1,96.0,4,95.0,8,99.0,0,100.0,4,101.0,6,Underlying
122,12300,63.0,2,62.0,2,61.0,9,65.0,2,66.0,4,67.0,9,Call
122,12300,93.0,2,92.0,4,91.0,5,99.0,2,100.0,3,101.0,8,Underlying
122,12300,95.0,1,94.0,4,93.0,6,97.0,1,98.0,3,99.0,5,Put
123,12400,96.0,0,95.0,5,94.0,6,100.0,2,101.0,5,102.0,7,Underlying
123,12400,95.0,2,94.0,4,93.0,8,101.0,2,102.0,2,103.0,7,Put
123,12400,58.0,0,57.0,2,56.0,7,66.0,0,67.0,2,68.0,9,Call
124,12500,98.0,1,97.0,5,96.0,9,100.0,1,101.0,5,102.0,7,Underlying
124,12500,98.0,1,97.0,3,96.0,9,100.0,0,101.0,4,102.0,10,Put
124,12500,56.0,0,55.0,2,54.0,8,64.0,2,65.0,4,66.0,10,Call
125,12600,94.0,1,93.0,3,92.0,10,100.0,0,101.0,2,102.0,9,Underlying
125,12600,57.0,0,56.0,2,55.0,10,65.0,1,66.0,2,67.0,5,Call
125,12600,96.0,1,95.0,3,94.0,8,98.0,2,99.0,3,100.0,6,Put
126,12700,60.0,0,59.0,3,58.0,5,64.0,1,65.0,5,66.0,10,Call
126,12700,96.0,2,95.0,2,94.0,6,104.0,2,105.0,3,106.0,6,Underlying
126,12700,99.0,0,98.0,5,97.0,8,101.0,0,102.0,3,103.0,8,Put
127,12800,58.0,0,57.0,5,56.0,6,60.0,1,61.0,5,62.0,9,Call
127,12800,99.0,2,98.0,5,97.0,7,103.0,1,104.0,4,105.0,5,Underlying
127,12800,97.0,0,96.0,2,95.0,10,105.0,0,106.0,3,107.0,9,Put
128,12900,56.0,0,55.0,3,54.0,9,64.0,0,65.0,5,66.0,9,Call
128,12900,94.0,1,93.0,3,92.0,9,102.0,2,103.0,5,104.0,8,Underlying
128,12900,96.0,0,95.0,5,94.0,7,100.0,0,101.0,4,102.0,6,Put
129,13000,99.0,1,98.0,4,97.0,6,103.0,0,104.0,2,105.0,8,Underlying
129,13000,100.0,0,99.0,4,98.0,8,102.0,2,103.0,5,104.0,6,Put
129,13000,56.0,2,55.0,5,54.0,8,64.0,0,65.0,3,66.0,10,Call
130,13100,100.0,0,99.0,5,98.0,5,102.0,1,103.0,5,104.0,9,Put
130,13100,58.0,1,57.0,4,56.0,5,60.0,1,61.0,5,62.0,5,Call
130,13100,98.0,2,97.0,5,96.0,5,104.0,0,105.0,5,106.0,9,Underlying
131,13200,98.0,2,97.0,2,96.0,10,102.0,2,103.0,3,104.0,5,Put
131,13200,56.0,1,55.0,4,54.0,7,64.0,1,65.0,5,66.0,10,Call
131,13200,96.0,1,95.0,4,94.0,10,104.0,2,105.0,5,106.0,10,Underlying
132,13300,101.0,2,100.0,3,99.0,8,103.0,1,104.0,4,105.0,9,Put
132,13300,57.0,1,56.0,5,55.0,9,61.0,0,62.0,2,63.0,5,Call
132,13300,101.0,0,100.0,5,99.0,6,103.0,2,104.0,2,105.0,6,Underlying
133,13400,97.0,2,96.0,4,95.0,10,101.0,2,102.0,3,103.0,6,Put
133,13400,95.0,0,94.0,4,93.0,7,103.0,2,104.0,3,105.0,10,Underlying
133,13400,58.0,0,57.0,4,56.0,8,62.0,2,63.0,5,64.0,5,Call
134,13500,96.0,1,95.0,2,94.0,8,98.0,1,99.0,2,100.0,5,Underlying
134,13500,96.0,2,95.0,3,94.0,8,98.0,1,99.0,5,100.0,6,Put
134,13500,59.0,1,58.0,5,57.0,8,67.0,1,68.0,2,69.0,9,Call
135,13600,95.0,1,94.0,4,93.0,5,103.0,1,104.0,3,105.0,6,Underlying
135,13600,98.0,0,97.0,2,96.0,6,100.0,0,101.0,2,102.0,7,Put
135,13600,62.0,2,61.0,5,60.0,6,64.0,2,65.0,4,66.0,10,Call
136,13700,96.0,0,95.0,2,94.0,7,102.0,2,103.0,5,104.0,5,Underlying
136,13700,96.0,1,95.0,3,94.0,8,102.0,1,103.0,4,104.0,5,Put
136,13700,64.0,0,63.0,2,62.0,5,66.0,1,67.0,3,68.0,7,Call
137,13800,100.0,1,99.0,4,98.0,8,102.0,1,103.0,4,104.0,8,Put
137,13800,63.0,2,62.0,4,61.0,9,67.0,1,68.0,4,69.0,10,Call
137,13800,98.0,2,97.0,5,96.0,10,104.0,1,105.0,3,106.0,8,Underlying
138,13900,62.0,0,61.0,3,60.0,8,66.0,2,67.0,2,68.0,5,Call
138,13900,101.0,2,100.0,3,99.0,9,103.0,0,104.0,2,105.0,7,Underlying
138,13900,98.0,2,97.0,3,96.0,9,106.0,1,107.0,4,108.0,10,Put
139,14000,63.0,2,62.0,2,61.0,9,67.0,0,68.0,3,69.0,7,Call
139,14000,100.0,2,99.0,2,98.0,8,102.0,2,103.0,4,104.0,7,Underlying
139,14000,100.0,0,99.0,4,98.0,6,102.0,2,103.0,4,104.0,7,Put
140,14100,59.0,1,58.0,4,57.0,5,67.0,0,68.0,5,69.0,8,Call
140,14100,99.0,0,98.0,2,97.0,5,107.0,2,108.0,2,109.0,5,Underlying
140,14100,100.0,2,99.0,3,98.0,7,106.0,1,107.0,4,108.0,10,Put
141,14200,98.0,0,97.0,3,96.0,8,104.0,2,105.0,2,106.0,8,Underlying
141,14200,97.0,1,96.0,5,95.0,6,105.0,0,106.0,4,107.0,8,Put
141,14200,58.0,0,57.0,4,56.0,6,66.0,1,67.0,3,68.0,7,Call
142,14300,98.0,2,97.0,4,96.0,5,106.0,2,107.0,3,108.0,7,Put
142,14300,62.0,0,61.0,4,60.0,8,64.0,0,65.0,5,66.0,10,Call
142,14300,101.0,0,100.0,5,99.0,10,103.0,0,104.0,3,105.0,10,Underlying
143,14400,98.0,2,97.0,2,96.0,6,106.0,1,107.0,3,108.0,8,Put
143,14400,57.0,1,56.0,2,55.0,7,63.0,0,64.0,5,65.0,5,Call
143,14400,98.0,0,97.0,4,96.0,10,106.0,2,107.0,3,108.0,8,Underlying
144,14500,100.0,1,99.0,5,98.0,8,104.0,2,105.0,5,106.0,10,Put
144,14500,57.0,1,56.0,5,55.0,7,61.0,2,62.0,2,63.0,6,Call
144,14500,98.0,0,97.0,3,96.0,10,106.0,2,107.0,3,108.0,10,Underlying
145,14600,58.0,1,57.0,5,56.0,6,64.0,0,65.0,4,66.0,10,Call
145,14600,98.0,0,97.0,2,96.0,6,104.0,2,105.0,5,106.0,5,Underlying
145,14600,98.0,1,97.0,3,96.0,7,104.0,0,105.0,3,106.0,5,Put
146,14700,100.0,2,99.0,4,98.0,10,102.0,0,103.0,3,104.0,9,Underlying
146,14700,97.0,2,96.0,5,95.0,5,105.0,0,106.0,3,107.0,9,Put
146,14700,56.0,1,55.0,5,54.0,8,62.0,0,63.0,3,64.0,5,Call
147,14800,102.0,0,101.0,3,100.0,8,104.0,2,105.0,2,106.0,6,Underlying
147,14800,101.0,2,100.0,2,99.0,10,105.0,2,106.0,3,107.0,8,Put
147,14800,55.0,0,54.0,2,53.0,9,63.0,1,64.0,4,65.0,8,Call
148,14900,101.0,0,100.0,3,99.0,5,109.0,1,110.0,5,111.0,5,Underlying
148,14900,103.0,1,102.0,2,101.0,9,107.0,2,108.0,2,109.0,8,Put
148,14900,56.0,1,55.0,2,54.0,6,58.0,1,59.0,5,60.0,9,Call
149,15000,103.0,1,102.0,4,101.0,5,109.0,1,110.0,3,111.0,5,Underlying
149,15000,54.0,2,53.0,3,52.0,7,58.0,2,59.0,4,60.0,6,Call
149,15000,104.0,1,103.0,4,102.0,8,108.0,2,109.0,4,110.0,5,Put
150,15100,53.0,0,52.0,5,51.0,5,57.0,0,58.0,5,59.0,9,Call
150,15100,107.0,1,106.0,4,105.0,9,109.0,1,110.0,2,111.0,10,Underlying
150,15100,107.0,1,106.0,5,105.0,7,109.0,1,110.0,4,111.0,5,Put
151,15200,55.0,1,54.0,5,53.0,8,57.0,1,58.0,3,59.0,5,Call
151,15200,106.0,2,105.0,3,104.0,5,108.0,0,109.0,3,110.0,10,Underlying
151,15200,106.0,2,105.0,4,104.0,7,108.0,1,109.0,4,110.0,9,Put
152,15300,53.0,0,52.0,3,51.0,7,59.0,2,60.0,2,61.0,8,Call
152,15300,108.0,0,107.0,3,106.0,8,112.0,1,113.0,4,114.0,6,Underlying
152,15300,109.0,1,108.0,5,107.0,9,111.0,1,112.0,2,113.0,5,Put
153,15400,106.0,1,105.0,3,104.0,10,110.0,2,111.0,2,112.0,9,Underlying
153,15400,107.0,1,106.0,4,105.0,9,109.0,1,110.0,3,111.0,5,Put
153,15400,54.0,2,53.0,3,52.0,7,56.0,0,57.0,4,58.0,9,Call
154,15500,104.0,0,103.0,3,102.0,10,110.0,0,111.0,2,112.0,7,Put
154,15500,51.0,0,50.0,2,49.0,6,57.0,1,58.0,4,59.0,9,Call
154,15500,104.0,2,103.0,3,102.0,7,110.0,2,111.0,3,112.0,7,Underlying
155,15600,110.0,2,109.0,5,108.0,5,112.0,0,113.0,3,114.0,5,Put
155,15600,51.0,1,50.0,2,49.0,8,55.0,1,56.0,2,57.0,5,Call
155,15600,109.0,1,108.0,5,107.0,7,113.0,1,114.0,5,115.0,6,Underlying
156,15700,110.0,2,109.0,5,108.0,5,112.0,0,113.0,3,114.0,7,Put
156,15700,48.0,1,47.0,3,46.0,10,54.0,0,55.0,4,56.0,10,Call
156,15700,109.0,0,108.0,2,107.0,6,113.0,0,114.0,4,115.0,10,Underlying
157,15800,108.0,0,107.0,4,106.0,10,110.0,0,111.0,2,112.0,7,Put
157,15800,106.0,2,105.0,4,104.0,5,112.0,2,113.0,2,114.0,7,Underlying
157,15800,51.0,0,50.0,5,49.0,7,53.0,0,54.0,2,55.0,5,Call
158,15900,105.0,2,104.0,5,103.0,8,113.0,0,114.0,3,115.0,6,Underlying
158,15900,106.0,2,105.0,5,104.0,5,112.0,2,113.0,2,114.0,9,Put
158,15900,51.0,1,50.0,3,49.0,10,53.0,0,54.0,5,55.0,6,Call
159,16000,106.0,1,105.0,3,104.0,5,112.0,0,113.0,2,114.0,6,Underlying
159,16000,105.0,1,104.0,4,103.0,7,113.0,2,114.0,4,115.0,8,Put
159,16000,50.0,0,49.0,4,48.0,5,54.0,1,55.0,5,56.0,7,Call
160,16100,110.0,2,109.0,5,108.0,6,114.0,0,115.0,2,116.0,8,Underlying
160,16100,108.0,1,107.0,2,106.0,7,116.0,0,117.0,2,118.0,7,Put
160,16100,48.0,2,47.0,4,46.0,5,54.0,2,55.0,5,56.0,5,Call
161,16200,110.0,2,109.0,2,108.0,10,112.0,0,113.0,3,114.0,7,Put
161,16200,48.0,2,47.0,5,46.0,10,56.0,2,57.0,4,58.0,10,Call
161,16200,110.0,1,109.0,2,108.0,9,112.0,1,113.0,2,114.0,6,Underlying
162,16300,50.0,0,49.0,5,48.0,8,52.0,0,53.0,4,54.0,10,Call
162,16300,107.0,1,106.0,5,105.0,7,113.0,2,114.0,2,115.0,8,Underlying
162,16300,108.0,2,107.0,2,106.0,8,112.0,0,113.0,5,114.0,5,Put
163,16400,51.0,2,50.0,5,49.0,7,53.0,2,54.0,2,55.0,8,Call
163,16400,104.0,1,103.0,2,102.0,8,112.0,0,113.0,4,114.0,9,Underlying
163,16400,105.0,0,104.0,3,103.0,8,111.0,1,112.0,4,113.0,9,Put
164,16500,49.0,2,48.0,2,47.0,9,55.0,1,56.0,2,57.0,8,Call
164,16500,106.0,2,105.0,3,104.0,9,114.0,1,115.0,5,116.0,9,Underlying
164,16500,106.0,2,105.0,2,104.0,6,114.0,1,115.0,5,116.0,9,Put
165,16600,47.0,0,46.0,5,45.0,7,53.0,1,54.0,4,55.0,6,Call
165,16600,111.0,2,110.0,2,109.0,5,115.0,0,116.0,2,117.0,7,Put
165,16600,111.0,1,110.0,3,109.0,10,115.0,2,116.0,4,117.0,9,Underlying
166,16700,109.0,1,108.0,2,107.0,7,117.0,2,118.0,3,119.0,9,Put
166,16700,47.0,0,46.0,5,45.0,6,53.0,2,54.0,5,55.0,8,Call
166,16700,109.0,2,108.0,4,107.0,5,117.0,2,118.0,2,119.0,6,Underlying
167,16800,110.0,0,109.0,3,108.0,5,116.0,1,117.0,2,118.0,5,Put
167,16800,49.0,0,48.0,2,47.0,10,51.0,0,52.0,4,53.0,10,Call
167,16800,110.0,1,109.0,4,108.0,7,116.0,2,117.0,4,118.0,8,Underlying
168,16900,108.0,0,107.0,4,106.0,7,114.0,2,115.0,5,116.0,8,Put
168,16900,47.0,0,46.0,5,45.0,6,53.0,0,54.0,4,55.0,5,Call
168,16900,110.0,1,109.0,3,108.0,7,112.0,2,113.0,3,114.0,8,Underlying
169,17000,46.0,0,45.0,5,44.0,8,52.0,1,53.0,2,54.0,10,Call
169,17000,106.0,2,105.0,4,104.0,9,112.0,2,113.0,4,114.0,6,Underlying
169,17000,106.0,0,105.0,2,104.0,8,112.0,2,113.0,4,114.0,6,Put
170,17100,107.0,0,106.0,5,105.0,5,111.0,1,112.0,4,113.0,5,Underlying
170,17100,108.0,0,107.0,5,106.0,8,110.0,2,111.0,4,112.0,5,Put
170,17100,43.0,1,42.0,2,41.0,9,51.0,0,52.0,5,53.0,7,Call
171,17200,106.0,2,105.0,5,104.0,6,108.0,1,109.0,2,110.0,6,Underlying
171,17200,105.0,1,104.0,3,103.0,9,109.0,0,110.0,5,111.0,7,Put
171,17200,47.0,0,46.0,5,45.0,8,53.0,0,54.0,3,55.0,8,Call
172,17300,108.0,1,107.0,5,106.0,9,110.0,2,111.0,5,112.0,5,Underlying
172,17300,107.0,2,106.0,2,105.0,10,111.0,1,112.0,5,113.0,7,Put
172,17300,47.0,0,46.0,4,45.0,8,53.0,1,54.0,3,55.0,8,Call
173,17400,107.0,2,106.0,3,105.0,10,111.0,0,112.0,4,113.0,9,Put
173,17400,48.0,1,47.0,2,46.0,6,50.0,2,51.0,3,52.0,7,Call
173,17400,107.0,2,106.0,4,105.0,5,111.0,0,112.0,4,113.0,8,Underlying
174,17500,45.0,2,44.0,2,43.0,9,53.0,1,54.0,3,55.0,6,Call
174,17500,107.0,1,106.0,5,105.0,10,111.0,0,112.0,5,113.0,5,Underlying
174,17500,106.0,1,105.0,3,104.0,7,112.0,2,113.0,3,114.0,8,Put
175,17600,46.0,0,45.0,4,44.0,6,52.0,1,53.0,5,54.0,7,Call
175,17600,107.0,1,106.0,3,105.0,7,115.0,0,116.0,5,117.0,9,Underlying
175,17600,110.0,0,109.0,5,108.0,9,112.0,0,113.0,3,114.0,8,Put
176,17700,45.0,1,44.0,4,43.0,9,53.0,0,54.0,3,55.0,10,Call
176,17700,106.0,1,105.0,5,104.0,5,112.0,2,113.0,4,114.0,8,Underlying
176,17700,108.0,2,107.0,4,106.0,5,110.0,0,111.0,2,112.0,10,Put
177,17800,104.0,2,103.0,5,102.0,10,110.0,2,111.0,2,112.0,6,Underlying
177,17800,105.0,2,104.0,4,103.0,9,109.0,2,110.0,4,111.0,7,Put
177,17800,48.0,0,47.0,2,46.0,7,50.0,0,51.0,3,52.0,5,Call
178,17900,106.0,2,105.0,3,104.0,10,108.0,1,109.0,3,110.0,5,Put
178,17900,47.0,2,46.0,4,45.0,5,49.0,0,50.0,5,51.0,5,Call
178,17900,106.0,2,105.0,2,104.0,7,108.0,1,109.0,3,110.0,7,Underlying
179,18000,106.0,2,105.0,5,104.0,9,114.0,2,115.0,3,116.0,7,Put
179,18000,45.0,0,44.0,2,43.0,10,47.0,0,48.0,4,49.0,5,Call
179,18000,106.0,1,105.0,5,104.0,8,114.0,0,115.0,4,116.0,9,Underlying
180,18100,105.0,0,104.0,3,103.0,7,111.0,2,112.0,3,113.0,6,Put
180,18100,43.0,0,42.0,4,41.0,7,51.0,0,52.0,5,53.0,9,Call
180,18100,106.0,1,105.0,4,104.0,6,110.0,0,111.0,2,112.0,6,Underlying
181,18200,103.0,0,102.0,5,101.0,9,111.0,0,112.0,2,113.0,8,Put
181,18200,105.0,1,104.0,2,103.0,8,109.0,2,110.0,2,111.0,6,Underlying
181,18200,48.0,0,47.0,5,46.0,9,50.0,0,51.0,4,52.0,5,Call
182,18300,105.0,2,104.0,2,103.0,10,109.0,2,110.0,4,111.0,9,Underlying
182,18300,105.0,0,104.0,2,103.0,9,109.0,1,110.0,2,111.0,7,Put
182,18300,45.0,0,44.0,2,43.0,7,51.0,2,52.0,3,53.0,6,Call
183,18400,103.0,0,102.0,3,101.0,9,109.0,0,110.0,4,111.0,7,Underlying
183,18400,103.0,2,102.0,5,101.0,9,109.0,0,110.0,3,111.0,5,Put
183,18400,44.0,2,43.0,2,42.0,7,50.0,2,51.0,4,52.0,5,Call
184,18500,104.0,1,103.0,3,102.0,7,106.0,1,107.0,3,108.0,9,Underlying
184,18500,104.0,2,103.0,2,102.0,9,106.0,0,107.0,2,108.0,6,Put
184,18500,46.0,2,45.0,5,44.0,8,54.0,0,55.0,5,56.0,9,Call
185,18600,100.0,1,99.0,4,98.0,5,108.0,1,109.0,2,110.0,8,Put
185,18600,49.0,1,48.0,3,47.0,8,55.0,0,56.0,2,57.0,6,Call
185,18600,100.0,1,99.0,4,98.0,9,108.0,2,109.0,3,110.0,9,Underlying
186,18700,53.0,0,52.0,4,51.0,10,57.0,0,58.0,4,59.0,5,Call
186,18700,102.0,2,101.0,3,100.0,10,106.0,2,107.0,3,108.0,10,Underlying
186,18700,103.0,2,102.0,3,101.0,6,105.0,0,106.0,2,107.0,8,Put
187,18800,52.0,1,51.0,4,50.0,10,60.0,2,61.0,3,62.0,5,Call
187,18800,104.0,1,103.0,3,102.0,9,106.0,0,107.0,3,108.0,9,Underlying
187,18800,101.0,1,100.0,5,99.0,7,109.0,1,110.0,3,111.0,8,Put
188,18900,103.0,0,102.0,4,101.0,8,109.0,0,110.0,3,111.0,6,Underlying
188,18900,104.0,2,103.0,3,102.0,8,108.0,1,109.0,3,110.0,10,Put
188,18900,49.0,2,48.0,4,47.0,8,57.0,0,58.0,4,59.0,10,Call
189,19000,105.0,1,104.0,2,103.0,5,109.0,1,110.0,2,111.0,7,Put
189,19000,53.0,0,52.0,2,51.0,5,55.0,0,56.0,2,57.0,6,Call
189,19000,103.0,2,102.0,5,101.0,7,111.0,0,112.0,2,113.0,6,Underlying
190,19100,104.0,0,103.0,2,102.0,6,112.0,1,113.0,3,114.0,9,Put
190,19100,48.0,0,47.0,4,46.0,6,56.0,0,57.0,5,58.0,8,Call
190,19100,106.0,1,105.0,2,104.0,8,110.0,2,111.0,3,112.0,10,Underlying
191,19200,105.0,1,104.0,3,103.0,9,109.0,1,110.0,5,111.0,9,Put
191,19200,49.0,2,48.0,3,47.0,6,55.0,0,56.0,3,57.0,7,Call
191,19200,104.0,0,103.0,5,102.0,7,110.0,2,111.0,5,112.0,9,Underlying
192,19300,50.0,2,49.0,5,48.0,9,56.0,2,57.0,5,58.0,9,Call
192,19300,106.0,0,105.0,5,104.0,9,108.0,1,109.0,5,110.0,9,Underlying
192,19300,105.0,1,104.0,3,103.0,6,109.0,0,110.0,3,111.0,8,Put
193,19400,107.0,1,106.0,3,105.0,7,113.0,1,114.0,5,115.0,5,Underlying
193,19400,108.0,1,107.0,2,106.0,10,112.0,2,113.0,2,114.0,8,Put
193,19400,51.0,0,50.0,5,49.0,5,55.0,2,56.0,3,57.0,10,Call
194,19500,107.0,0,106.0,2,105.0,6,109.0,0,110.0,3,111.0,9,Underlying
194,19500,106.0,2,105.0,5,104.0,7,110.0,2,111.0,5,112.0,5,Put
194,19500,53.0,1,52.0,5,51.0,6,55.0,1,56.0,2,57.0,9,Call
195,19600,106.0,0,105.0,2,104.0,9,110.0,2,111.0,2,112.0,10,Underlying
195,19600,105.0,2,104.0,5,103.0,7,111.0,0,112.0,3,113.0,7,Put
195,19600,54.0,2,53.0,2,52.0,5,56.0,1,57.0,2,58.0,9,Call
196,19700,105.0,0,104.0,5,103.0,9,113.0,0,114.0,4,115.0,8,Underlying
196,19700,49.0,1,48.0,4,47.0,6,57.0,0,58.0,5,59.0,6,Call
196,19700,107.0,2,106.0,4,105.0,7,111.0,2,112.0,2,113.0,5,Put
197,19800,51.0,2,50.0,4,49.0,7,57.0,2,58.0,4,59.0,9,Call
197,19800,105.0,2,104.0,2,103.0,10,109.0,2,110.0,2,111.0,10,Underlying
197,19800,103.0,0,102.0,5,101.0,8,111.0,2,112.0,4,113.0,8,Put
198,19900,48.0,1,47.0,5,46.0,8,56.0,2,57.0,3,58.0,5,Call
198,19900,105.0,0,104.0,3,103.0,9,111.0,2,112.0,3,113.0,7,Underlying
198,19900,105.0,1,104.0,5,103.0,10,111.0,1,112.0,2,113.0,7,Put
199,20000,46.0,0,45.0,3,44.0,9,54.0,0,55.0,2,56.0,9,Call
199,20000,106.0,1,105.0,3,104.0,10,112.0,0,113.0,5,114.0,6,Underlying
199,20000,108.0,2,107.0,3,106.0,10,110.0,0,111.0,5,112.0,9,Put
200,20100,108.0,2,107.0,3,106.0,5,112.0,2,113.0,2,114.0,6,Underlying
200,20100,106.0,1,105.0,4,104.0,7,114.0,2,115.0,2,116.0,9,Put
200,20100,48.0,1,47.0,4,46.0,10,56.0,2,57.0,4,58.0,6,Call
201,20200,109.0,2,108.0,5,107.0,7,113.0,0,114.0,5,115.0,6,Put
201,20200,51.0,0,50.0,2,49.0,5,57.0,2,58.0,3,59.0,10,Call
201,20200,110.0,2,109.0,5,108.0,8,112.0,2,113.0,3,114.0,6,Underlying
202,20300,108.0,2,107.0,3,106.0,10,114.0,1,115.0,4,116.0,5,Put
202,20300,54.0,2,53.0,4,52.0,8,56.0,2,57.0,4,58.0,8,Call
202,20300,109.0,0,108.0,5,107.0,9,113.0,0,114.0,5,115.0,8,Underlying
203,20400,107.0,2,106.0,2,105.0,7,113.0,0,114.0,2,115.0,9,Put
203,20400,53.0,2,52.0,5,51.0,6,57.0,2,58.0,2,59.0,9,Call
203,20400,109.0,0,108.0,3,107.0,9,111.0,0,112.0,5,113.0,6,Underlying
204,20500,54.0,0,53.0,4,52.0,10,56.0,0,57.0,4,58.0,8,Call
204,20500,110.0,2,109.0,3,108.0,10,114.0,1,115.0,3,116.0,10,Underlying
204,20500,111.0,0,110.0,2,109.0,10,113.0,0,114.0,5,115.0,5,Put
205,20600,108.0,2,107.0,2,106.0,9,116.0,2,117.0,4,118.0,5,Underlying
205,20600,110.0,0,109.0,5,108.0,5,114.0,0,115.0,4,116.0,10,Put
205,20600,56.0,1,55.0,2,54.0,6,58.0,2,59.0,5,60.0,5,Call
206,20700,105.0,0,104.0,3,103.0,10,113.0,1,114.0,3,115.0,7,Underlying
206,20700,106.0,1,105.0,4,104.0,6,112.0,0,113.0,4,114.0,7,Put
206,20700,58.0,2,57.0,2,56.0,9,60.0,1,61.0,5,62.0,9,Call
207,20800,103.0,2,102.0,5,101.0,6,111.0,1,112.0,5,113.0,7,Underlying
207,20800,106.0,0,105.0,3,104.0,6,108.0,1,109.0,3,110.0,5,Put
207,20800,58.0,1,57.0,4,56.0,5,62.0,0,63.0,5,64.0,10,Call
208,20900,107.0,1,106.0,3,105.0,9,111.0,2,112.0,4,113.0,7,Put
208,20900,56.0,0,55.0,5,54.0,7,62.0,2,63.0,4,64.0,8,Call
208,20900,107.0,1,106.0,3,105.0,9,111.0,0,112.0,3,113.0,9,Underlying
209,21000,56.0,0,55.0,4,54.0,6,62.0,2,63.0,3,64.0,10,Call
209,21000,103.0,1,102.0,4,101.0,8,109.0,0,110.0,4,111.0,8,Underlying
209,21000,105.0,0,104.0,3,103.0,5,107.0,1,108.0,4,109.0,9,Put
210,21100,58.0,0,57.0,3,56.0,9,62.0,0,63.0,3,64.0,8,Call
210,21100,99.0,1,98.0,3,97.0,6,107.0,2,108.0,2,109.0,5,Underlying
210,21100,100.0,1,99.0,4,98.0,8,106.0,1,107.0,4,108.0,5,Put
211,21200,56.0,0,55.0,5,54.0,5,62.0,0,63.0,2,64.0,5,Call
211,21200,104.0,2,103.0,5,102.0,5,108.0,0,109.0,5,110.0,5,Underlying
211,21200,104.0,0,103.0,4,102.0,7,108.0,0,109.0,4,110.0,8,Put
212,21300,57.0,2,56.0,4,55.0,7,59.0,0,60.0,2,61.0,10,Call
212,21300,104.0,2,103.0,2,102.0,7,108.0,1,109.0,3,110.0,9,Put
212,21300,104.0,0,103.0,5,102.0,9,108.0,0,109.0,5,110.0,6,Underlying
213,21400,104.0,0,103.0,3,102.0,5,112.0,0,113.0,2,114.0,6,Put
213,21400,55.0,2,54.0,3,53.0,7,61.0,2,62.0,4,63.0,10,Call
213,21400,107.0,1,106.0,5,105.0,7,109.0,1,110.0,5,111.0,10,Underlying
214,21500,103.0,1,102.0,2,101.0,5,105.0,1,106.0,3,107.0,7,Put
214,21500,59.0,1,58.0,4,57.0,6,61.0,0,62.0,3,63.0,6,Call
214,21500,103.0,1,102.0,4,101.0,5,105.0,0,106.0,5,107.0,6,Underlying
215,21600,99.0,1,98.0,4,97.0,9,107.0,1,108.0,5,109.0,6,Put
215,21600,55.0,1,54.0,5,53.0,8,61.0,1,62.0,5,63.0,9,Call
215,21600,102.0,1,101.0,5,100.0,7,104.0,2,105.0,5,106.0,7,Underlying
216,21700,56.0,2,55.0,3,54.0,8,64.0,2,65.0,2,66.0,9,Call
216,21700,99.0,0,98.0,4,97.0,8,105.0,1,106.0,2,107.0,9,Underlying
216,21700,98.0,0,97.0,2,96.0,5,106.0,2,107.0,4,108.0,5,Put
217,21800,98.0,0,97.0,4,96.0,10,100.0,1,101.0,4,102.0,10,Underlying
217,21800,96.0,0,95.0,4,94.0,5,102.0,2,103.0,3,104.0,6,Put
217,21800,58.0,0,57.0,3,56.0,10,64.0,2,65.0,2,66.0,8,Call
218,21900,97.0,1,96.0,5,95.0,5,103.0,2,104.0,4,105.0,6,Underlying
218,21900,98.0,1,97.0,4,96.0,6,102.0,1,103.0,4,104.0,5,Put
218,21900,57.0,2,56.0,5,55.0,7,63.0,1,64.0,5,65.0,7,Call
219,22000,95.0,1,94.0,5,93.0,8,103.0,1,104.0,2,105.0,5,Underlying
219,22000,59.0,1,58.0,3,57.0,10,65.0,0,66.0,5,67.0,5,Call
219,22000,96.0,1,95.0,3,94.0,9,102.0,2,103.0,5,104.0,7,Put
220,22100,62.0,2,61.0,5,60.0,6,68.0,1,69.0,2,70.0,8,Call
220,22100,94.0,1,93.0,4,92.0,9,102.0,0,103.0,2,104.0,10,Underlying
220,22100,95.0,1,94.0,5,93.0,9,101.0,0,102.0,2,103.0,10,Put
221,22200,65.0,1,64.0,4,63.0,6,67.0,1,68.0,5,69.0,10,Call
221,22200,93.0,2,92.0,4,91.0,6,97.0,0,98.0,5,99.0,9,Underlying
221,22200,94.0,1,93.0,5,92.0,10,96.0,2,97.0,2,98.0,7,Put
222,22300,64.0,0,63.0,4,62.0,7,66.0,2,67.0,4,68.0,10,Call
222,22300,92.0,1,91.0,4,90.0,8,98.0,0,99.0,2,100.0,9,Underlying
222,22300,94.0,1,93.0,3,92.0,8,96.0,1,97.0,2,98.0,7,Put
223,22400,91.0,0,90.0,3,89.0,10,97.0,2,98.0,3,99.0,7,Underlying
223,22400,90.0,2,89.0,4,88.0,8,98.0,1,99.0,3,100.0,8,Put
223,22400,61.0,1,60.0,5,59.0,9,67.0,0,68.0,5,69.0,9,Call
224,22500,90.0,1,89.0,2,88.0,6,98.0,1,99.0,4,100.0,5,Put
224,22500,57.0,1,56.0,5,55.0,8,65.0,2,66.0,3,67.0,6,Call
224,22500,93.0,0,92.0,5,91.0,8,95.0,0,96.0,2,97.0,6,Underlying
225,22600,92.0,0,91.0,5,90.0,10,100.0,0,101.0,2,102.0,9,Put
225,22600,59.0,1,58.0,2,57.0,8,63.0,0,64.0,3,65.0,5,Call
225,22600,94.0,2,93.0,2,92.0,8,98.0,0,99.0,5,100.0,5,Underlying
226,22700,93.0,0,92.0,3,91.0,8,101.0,2,102.0,2,103.0,9,Put
226,22700,56.0,0,55.0,5,54.0,10,64.0,1,65.0,4,66.0,10,Call
226,22700,93.0,1,92.0,5,91.0,8,101.0,0,102.0,3,103.0,10,Underlying
227,22800,95.0,2,94.0,3,93.0,10,103.0,1,104.0,5,105.0,9,Put
227,22800,97.0,2,96.0,2,95.0,7,101.0,2,102.0,4,103.0,8,Underlying
227,22800,58.0,0,57.0,5,56.0,9,62.0,0,63.0,4,64.0,9,Call
228,22900,97.0,0,96.0,4,95.0,6,99.0,0,100.0,2,101.0,5,Underlying
228,22900,97.0,2,96.0,4,95.0,5,99.0,0,100.0,4,101.0,8,Put
228,22900,59.0,1,58.0,2,57.0,9,61.0,2,62.0,4,63.0,5,Call
229,23000,93.0,2,92.0,5,91.0,7,99.0,0,100.0,5,101.0,7,Underlying
229,23000,93.0,2,92.0,3,91.0,9,99.0,0,100.0,3,101.0,5,Put
229,23000,61.0,0,60.0,4,59.0,9,63.0,0,64.0,5,65.0,8,Call
230,23100,95.0,0,94.0,5,93.0,6,97.0,0,98.0,2,99.0,10,Underlying
230,23100,93.0,1,92.0,3,91.0,8,99.0,2,100.0,3,101.0,8,Put
230,23100,58.0,0,57.0,5,56.0,7,62.0,1,63.0,5,64.0,8,Call
231,23200,91.0,2,90.0,2,89.0,5,97.0,2,98.0,5,99.0,8,Put
231,23200,60.0,0,59.0,5,58.0,5,64.0,1,65.0,2,66.0,10,Call
231,23200,91.0,2,90.0,3,89.0,5,97.0,0,98.0,2,99.0,10,Underlying
232,23300,60.0,0,59.0,2,58.0,8,64.0,2,65.0,2,66.0,9,Call
232,23300,91.0,1,90.0,3,89.0,10,97.0,0,98.0,5,99.0,5,Underlying
232,23300,90.0,1,89.0,2,88.0,6,98.0,1,99.0,2,100.0,8,Put
233,23400,56.0,1,55.0,2,54.0,9,64.0,2,65.0,2,66.0,7,Call
233,23400,90.0,1,89.0,2,88.0,9,98.0,1,99.0,5,100.0,9,Underlying
233,23400,92.0,1,91.0,3,90.0,5,96.0,0,97.0,5,98.0,5,Put
234,23500,59.0,1,58.0,5,57.0,8,63.0,1,64.0,3,65.0,7,Call
234,23500,90.0,1,89.0,4,88.0,5,98.0,0,99.0,3,100.0,6,Underlying
234,23500,93.0,1,92.0,2,91.0,7,95.0,0,96.0,5,97.0,5,Put
235,23600,90.0,1,89.0,2,88.0,9,94.0,2,95.0,5,96.0,6,Underlying
235,23600,89.0,2,88.0,2,87.0,7,95.0,2,96.0,2,97.0,5,Put
235,23600,60.0,2,59.0,3,58.0,8,62.0,2,63.0,3,64.0,7,Call
236,23700,90.0,2,89.0,3,88.0,7,92.0,0,93.0,3,94.0,7,Put
236,23700,59.0,2,58.0,3,57.0,6,67.0,2,68.0,5,69.0,10,Call
236,23700,90.0,1,89.0,4,88.0,8,92.0,1,93.0,5,94.0,7,Underlying
237,23800,84.0,0,83.0,4,82.0,7,92.0,1,93.0,3,94.0,9,Put
237,23800,60.0,2,59.0,2,58.0,5,66.0,0,67.0,5,68.0,5,Call
237,23800,85.0,0,84.0,2,83.0,7,91.0,0,92.0,3,93.0,9,Underlying
238,23900,86.0,0,85.0,4,84.0,5,92.0,2,93.0,2,94.0,6,Put
238,23900,64.0,1,63.0,2,62.0,7,66.0,1,67.0,5,68.0,10,Call
238,23900,87.0,0,86.0,5,85.0,5,91.0,0,92.0,3,93.0,6,Underlying
239,24000,62.0,1,61.0,5,60.0,6,70.0,2,71.0,4,72.0,7,Call
239,24000,90.0,0,89.0,4,88.0,9,92.0,2,93.0,4,94.0,8,Underlying
239,24000,89.0,1,88.0,4,87.0,9,93.0,1,94.0,3,95.0,7,Put
240,24100,86.0,1,85.0,3,84.0,6,92.0,1,93.0,2,94.0,7,Underlying
240,24100,85.0,2,84.0,2,83.0,10,93.0,1,94.0,4,95.0,6,Put
240,24100,65.0,1,64.0,4,63.0,7,73.0,0,74.0,4,75.0,9,Call
241,24200,87.0,1,86.0,3,85.0,7,93.0,1,94.0,2,95.0,10,Underlying
241,24200,86.0,1,85.0,5,84.0,8,94.0,2,95.0,5,96.0,5,Put
241,24200,66.0,1,65.0,4,64.0,7,68.0,0,69.0,4,70.0,5,Call
242,24300,89.0,1,88.0,5,87.0,10,91.0,1,92.0,4,93.0,8,Underlying
242,24300,86.0,2,85.0,5,84.0,5,94.0,2,95.0,3,96.0,5,Put
242,24300,64.0,0,63.0,5,62.0,5,68.0,2,69.0,3,70.0,10,Call
243,24400,85.0,0,84.0,2,83.0,5,93.0,0,94.0,2,95.0,5,Underlying
243,24400,67.0,0,66.0,2,65.0,10,73.0,0,74.0,5,75.0,8,Call
243,24400,88.0,1,87.0,5,86.0,10,90.0,0,91.0,3,92.0,9,Put
244,24500,67.0,0,66.0,3,65.0,10,75.0,2,76.0,5,77.0,7,Call
244,24500,89.0,2,88.0,3,87.0,6,91.0,0,92.0,4,93.0,5,Underlying
244,24500,86.0,0,85.0,4,84.0,7,94.0,2,95.0,2,96.0,9,Put
245,24600,68.0,1,67.0,4,66.0,8,72.0,1,73.0,4,74.0,5,Call
245,24600,90.0,1,89.0,4,88.0,10,92.0,0,93.0,4,94.0,10,Underlying
245,24600,87.0,1,86.0,4,85.0,7,95.0,1,96.0,5,97.0,5,Put
246,24700,69.0,2,68.0,2,67.0,10,73.0,2,74.0,4,75.0,8,Call
246,24700,84.0,1,83.0,2,82.0,6,92.0,1,93.0,5,94.0,6,Underlying
246,24700,86.0,1,85.0,4,84.0,6,90.0,1,91.0,4,92.0,8,Put
247,24800,83.0,1,82.0,4,81.0,9,89.0,2,90.0,3,91.0,7,Underlying
247,24800,85.0,1,84.0,3,83.0,6,87.0,0,88.0,3,89.0,8,Put
247,24800,67.0,2,66.0,2,65.0,7,75.0,0,76.0,2,77.0,5,Call
248,24900,86.0,2,85.0,3,84.0,5,88.0,2,89.0,5,90.0,7,Put
248,24900,70.0,0,69.0,4,68.0,5,72.0,2,73.0,3,74.0,5,Call
248,24900,86.0,1,85.0,3,84.0,10,88.0,0,89.0,4,90.0,5,Underlying
249,25000,85.0,1,84.0,3,83.0,6,93.0,0,94.0,4,95.0,7,Put
249,25000,69.0,0,68.0,3,67.0,9,75.0,0,76.0,5,77.0,9,Call
249,25000,86.0,1,85.0,5,84.0,5,92.0,2,93.0,2,94.0,6,Underlying
250,25100,72.0,0,71.0,4,70.0,7,76.0,1,77.0,3,78.0,10,Call
250,25100,88.0,2,87.0,3,86.0,5,90.0,0,91.0,2,92.0,8,Underlying
250,25100,88.0,2,87.0,2,86.0,10,90.0,0,91.0,3,92.0,10,Put
251,25200,90.0,2,89.0,3,88.0,8,92.0,1,93.0,3,94.0,7,Underlying
251,25200,89.0,1,88.0,3,87.0,9,93.0,0,94.0,4,95.0,8,Put
251,25200,71.0,1,70.0,4,69.0,6,75.0,0,76.0,2,77.0,10,Call
252,25300,87.0,2,86.0,2,85.0,6,93.0,1,94.0,4,95.0,8,Underlying
252,25300,88.0,1,87.0,5,86.0,8,92.0,1,93.0,5,94.0,9,Put
252,25300,74.0,0,73.0,4,72.0,8,76.0,0,77.0,5,78.0,7,Call
253,25400,90.0,2,89.0,4,88.0,8,94.0,0,95.0,2,96.0,5,Underlying
253,25400,90.0,0,89.0,3,88.0,5,94.0,2,95.0,3,96.0,9,Put
253,25400,73.0,2,72.0,4,71.0,9,75.0,0,76.0,4,77.0,9,Call
254,25500,90.0,0,89.0,5,88.0,9,96.0,2,97.0,5,98.0,10,Put
254,25500,69.0,2,68.0,4,67.0,10,75.0,2,76.0,3,77.0,7,Call
254,25500,92.0,2,91.0,4,90.0,6,94.0,0,95.0,3,96.0,9,Underlying
255,25600,66.0,2,65.0,2,64.0,6,74.0,0,75.0,3,76.0,5,Call
255,25600,90.0,0,89.0,3,88.0,7,98.0,0,99.0,4,100.0,7,Underlying
255,25600,91.0,0,90.0,4,89.0,9,97.0,1,98.0,4,99.0,5,Put
256,25700,65.0,0,64.0,4,63.0,5,73.0,1,74.0,2,75.0,6,Call
256,25700,94.0,1,93.0,3,92.0,7,98.0,2,99.0,2,100.0,6,Underlying
256,25700,94.0,0,93.0,3,92.0,7,98.0,0,99.0,2,100.0,5,Put
257,25800,70.0,0,69.0,3,68.0,10,72.0,2,73.0,5,74.0,8,Call
257,25800,91.0,0,90.0,2,89.0,6,97.0,0,98.0,5,99.0,5,Underlying
257,25800,93.0,2,92.0,5,91.0,8,95.0,2,96.0,2,97.0,10,Put
258,25900,68.0,1,67.0,5,66.0,5,76.0,0,77.0,5,78.0,10,Call
258,25900,87.0,2,86.0,5,85.0,8,95.0,0,96.0,3,97.0,6,Put
258,25900,87.0,2,86.0,4,85.0,8,95.0,0,96.0,4,97.0,10,Underlying
259,26000,88.0,0,87.0,5,86.0,10,96.0,0,97.0,2,98.0,8,Put
259,26000,71.0,1,70.0,5,69.0,8,73.0,2,74.0,5,75.0,8,Call
259,26000,91.0,1,90.0,2,89.0,9,93.0,1,94.0,4,95.0,6,Underlying
260,26100,88.0,0,87.0,4,86.0,9,92.0,1,93.0,5,94.0,7,Put
260,26100,67.0,2,66.0,2,65.0,7,73.0,2,74.0,5,75.0,7,Call
260,26100,89.0,0,88.0,3,87.0,9,91.0,0,92.0,3,93.0,10,Underlying
261,26200,85.0,0,84.0,2,83.0,8,91.0,0,92.0,5,93.0,9,Put
261,26200,67.0,0,66.0,5,65.0,5,75.0,1,76.0,5,77.0,6,Call
261,26200,84.0,2,83.0,4,82.0,9,92.0,2,93.0,4,94.0,9,Underlying
262,26300,66.0,0,65.0,5,64.0,6,74.0,0,75.0,4,76.0,5,Call
262,26300,87.0,0,86.0,3,85.0,7,95.0,2,96.0,4,97.0,8,Underlying
262,26300,87.0,0,86.0,2,85.0,7,95.0,0,96.0,5,97.0,10,Put
263,26400,91.0,0,90.0,2,89.0,5,95.0,1,96.0,4,97.0,8,Underlying
263,26400,92.0,0,91.0,4,90.0,10,94.0,0,95.0,3,96.0,10,Put
263,26400,65.0,0,64.0,2,63.0,9,73.0,2,74.0,4,75.0,8,Call
264,26500,92.0,1,91.0,4,90.0,8,100.0,0,101.0,3,102.0,5,Underlying
264,26500,95.0,2,94.0,4,93.0,8,97.0,1,98.0,2,99.0,5,Put
264,26500,64.0,2,63.0,3,62.0,10,70.0,0,71.0,4,72.0,8,Call
265,26600,92.0,2,91.0,3,90.0,7,96.0,0,97.0,5,98.0,6,Underlying
265,26600,91.0,2,90.0,4,89.0,5,97.0,1,98.0,4,99.0,7,Put
265,26600,67.0,1,66.0,4,65.0,10,71.0,0,72.0,5,73.0,6,Call
266,26700,89.0,2,88.0,2,87.0,6,97.0,2,98.0,2,99.0,6,Put
266,26700,66.0,0,65.0,2,64.0,5,70.0,0,71.0,2,72.0,7,Call
266,26700,92.0,0,91.0,4,90.0,10,94.0,2,95.0,5,96.0,8,Underlying
267,26800,65.0,1,64.0,4,63.0,10,69.0,2,70.0,4,71.0,10,Call
267,26800,94.0,0,93.0,4,92.0,6,96.0,2,97.0,3,98.0,6,Underlying
267,26800,92.0,2,91.0,2,90.0,6,98.0,2,99.0,3,100.0,7,Put
268,26900,65.0,2,64.0,3,63.0,8,73.0,1,74.0,2,75.0,7,Call
268,26900,94.0,0,93.0,3,92.0,10,96.0,1,97.0,3,98.0,5,Underlying
268,26900,94.0,2,93.0,5,92.0,10,96.0,0,97.0,4,98.0,9,Put
269,27000,68.0,1,67.0,4,66.0,6,70.0,1,71.0,2,72.0,9,Call
269,27000,93.0,2,92.0,2,91.0,9,95.0,0,96.0,4,97.0,5,Underlying
269,27000,93.0,1,92.0,5,91.0,9,95.0,1,96.0,3,97.0,8,Put
270,27100,90.0,1,89.0,3,88.0,10,98.0,1,99.0,2,100.0,10,Underlying
270,27100,93.0,2,92.0,4,91.0,8,95.0,1,96.0,3,97.0,7,Put
270,27100,63.0,1,62.0,2,61.0,10,71.0,2,72.0,5,73.0,5,Call
271,27200,95.0,0,94.0,4,93.0,6,101.0,0,102.0,5,103.0,6,Put
271,27200,65.0,0,64.0,3,63.0,6,67.0,1,68.0,3,69.0,6,Call
271,27200,94.0,1,93.0,2,92.0,8,102.0,2,103.0,3,104.0,8,Underlying
272,27300,95.0,0,94.0,3,93.0,6,97.0,0,98.0,2,99.0,6,Put
272,27300,66.0,2,65.0,5,64.0,9,68.0,2,69.0,3,70.0,9,Call
272,27300,94.0,1,93.0,3,92.0,10,98.0,0,99.0,4,100.0,7,Underlying
273,27400,95.0,0,94.0,2,93.0,9,101.0,0,102.0,4,103.0,5,Put
273,27400,63.0,0,62.0,4,61.0,6,71.0,1,72.0,3,73.0,8,Call
273,27400,95.0,0,94.0,2,93.0,6,101.0,2,102.0,5,103.0,7,Underlying
274,27500,98.0,1,97.0,4,96.0,9,100.0,2,101.0,5,102.0,9,Put
274,27500,97.0,2,96.0,2,95.0,9,101.0,0,102.0,2,103.0,8,Underlying
274,27500,61.0,0,60.0,3,59.0,9,67.0,1,68.0,2,69.0,7,Call
275,27600,97.0,0,96.0,5,95.0,8,101.0,2,102.0,2,103.0,5,Underlying
275,27600,96.0,2,95.0,4,94.0,6,102.0,2,103.0,5,104.0,7,Put
275,27600,61.0,2,60.0,2,59.0,5,63.0,0,64.0,5,65.0,5,Call
276,27700,100.0,0,99.0,5,98.0,5,106.0,2,107.0,5,108.0,7,Underlying
276,27700,99.0,1,98.0,4,97.0,10,107.0,0,108.0,3,109.0,6,Put
276,27700,57.0,0,56.0,3,55.0,7,65.0,1,66.0,4,67.0,9,Call
277,27800,97.0,1,96.0,2,95.0,5,101.0,0,102.0,2,103.0,6,Underlying
277,27800,97.0,2,96.0,3,95.0,9,101.0,1,102.0,5,103.0,7,Put
277,27800,59.0,2,58.0,5,57.0,8,65.0,2,66.0,2,67.0,7,Call
278,27900,97.0,0,96.0,5,95.0,10,99.0,0,100.0,3,101.0,5,Put
278,27900,61.0,2,60.0,2,59.0,7,67.0,1,68.0,5,69.0,5,Call
278,27900,96.0,0,95.0,5,94.0,8,100.0,1,101.0,5,102.0,5,Underlying
279,28000,59.0,2,58.0,4,57.0,10,65.0,1,66.0,5,67.0,5,Call
279,28000,97.0,0,96.0,5,95.0,8,103.0,1,104.0,5,105.0,7,Underlying
279,28000,97.0,2,96.0,4,95.0,10,103.0,2,104.0,5,105.0,5,Put
280,28100,54.0,2,53.0,4,52.0,5,62.0,2,63.0,4,64.0,8,Call
280,28100,99.0,2,98.0,2,97.0,7,103.0,2,104.0,3,105.0,6,Underlying
280,28100,97.0,1,96.0,5,95.0,9,105.0,2,106.0,2,107.0,9,Put
281,28200,56.0,0,55.0,3,54.0,9,62.0,2,63.0,3,64.0,6,Call
281,28200,100.0,0,99.0,3,98.0,7,104.0,2,105.0,3,106.0,9,Underlying
281,28200,99.0,2,98.0,2,97.0,7,105.0,0,106.0,3,107.0,5,Put
282,28300,59.0,0,58.0,4,57.0,7,63.0,1,64.0,5,65.0,9,Call
282,28300,99.0,2,98.0,4,97.0,9,105.0,2,106.0,5,107.0,9,Put
282,28300,100.0,2,99.0,2,98.0,6,104.0,2,105.0,2,106.0,7,Underlying
283,28400,101.0,2,100.0,4,99.0,9,105.0,0,106.0,2,107.0,6,Put
283,28400,60.0,1,59.0,2,58.0,5,64.0,2,65.0,2,66.0,9,Call
283,28400,100.0,0,99.0,3,98.0,9,106.0,0,107.0,5,108.0,6,Underlying
284,28500,97.0,2,96.0,5,95.0,10,103.0,2,104.0,3,105.0,10,Put
284,28500,59.0,2,58.0,5,57.0,5,65.0,1,66.0,3,67.0,8,Call
284,28500,97.0,0,96.0,3,95.0,10,103.0,2,104.0,5,105.0,5,Underlying
285,28600,97.0,0,96.0,4,95.0,10,103.0,0,104.0,3,105.0,10,Put
285,28600,59.0,1,58.0,3,57.0,7,67.0,1,68.0,2,69.0,10,Call
285,28600,99.0,1,98.0,4,97.0,6,101.0,0,102.0,2,103.0,8,Underlying
286,28700,63.0,1,62.0,3,61.0,10,67.0,1,68.0,3,69.0,9,Call
286,28700,96.0,0,95.0,5,94.0,10,104.0,1,105.0,5,106.0,10,Underlying
286,28700,99.0,0,98.0,5,97.0,7,101.0,2,102.0,5,103.0,9,Put
287,28800,99.0,2,98.0,4,97.0,9,103.0,2,104.0,2,105.0,10,Underlying
287,28800,98.0,0,97.0,2,96.0,7,104.0,2,105.0,2,106.0,5,Put
287,28800,62.0,2,61.0,2,60.0,9,66.0,0,67.0,5,68.0,8,Call
288,28900,95.0,2,94.0,5,93.0,8,101.0,1,102.0,2,103.0,10,Underlying
288,28900,95.0,1,94.0,5,93.0,5,101.0,2,102.0,5,103.0,9,Put
288,28900,63.0,2,62.0,3,61.0,5,67.0,1,68.0,5,69.0,8,Call
289,29000,93.0,2,92.0,5,91.0,5,101.0,0,102.0,3,103.0,10,Underlying
289,29000,93.0,0,92.0,2,91.0,5,101.0,2,102.0,5,103.0,9,Put
289,29000,63.0,1,62.0,5,61.0,6,69.0,0,70.0,5,71.0,9,Call
290,29100,96.0,1,95.0,5,94.0,5,102.0,0,103.0,4,104.0,8,Underlying
290,29100,66.0,2,65.0,4,64.0,10,68.0,0,69.0,5,70.0,8,Call
290,29100,97.0,2,96.0,3,95.0,9,101.0,0,102.0,3,103.0,6,Put
291,29200,62.0,1,61.0,5,60.0,5,70.0,1,71.0,4,72.0,8,Call
291,29200,95.0,2,94.0,3,93.0,8,101.0,1,102.0,2,103.0,8,Underlying
291,29200,94.0,2,93.0,5,92.0,10,102.0,2,103.0,5,104.0,8,Put
292,29300,66.0,0,65.0,3,64.0,8,68.0,0,69.0,5,70.0,9,Call
292,29300,94.0,2,93.0,5,92.0,6,100.0,0,101.0,5,102.0,5,Underlying
292,29300,96.0,1,95.0,5,94.0,6,98.0,2,99.0,4,100.0,5,Put
293,29400,63.0,1,62.0,3,61.0,5,71.0,0,72.0,4,73.0,5,Call
293,29400,94.0,0,93.0,5,92.0,10,96.0,2,97.0,3,98.0,8,Underlying
293,29400,92.0,2,91.0,3,90.0,8,98.0,0,99.0,2,100.0,10,Put
294,29500,90.0,1,89.0,3,88.0,8,96.0,0,97.0,4,98.0,7,Underlying
294,29500,91.0,2,90.0,5,89.0,9,95.0,2,96.0,5,97.0,8,Put
294,29500,65.0,1,64.0,2,63.0,8,67.0,1,68.0,3,69.0,6,Call
295,29600,87.0,0,86.0,2,85.0,6,93.0,2,94.0,3,95.0,5,Put
295,29600,64.0,0,63.0,4,62.0,6,72.0,0,73.0,3,74.0,6,Call
295,29600,89.0,0,88.0,2,87.0,7,91.0,1,92.0,4,93.0,5,Underlying
296,29700,88.0,0,87.0,4,86.0,8,96.0,2,97.0,3,98.0,8,Put
296,29700,62.0,2,61.0,5,60.0,10,70.0,0,71.0,4,72.0,9,Call
296,29700,90.0,2,89.0,2,88.0,7,94.0,1,95.0,4,96.0,9,Underlying
297,29800,87.0,1,86.0,5,85.0,7,93.0,2,94.0,3,95.0,10,Put
297,29800,67.0,2,66.0,4,65.0,9,69.0,2,70.0,5,71.0,8,Call
297,29800,89.0,0,88.0,5,87.0,6,91.0,1,92.0,2,93.0,9,Underlying
298,29900,69.0,1,68.0,3,67.0,8,73.0,2,74.0,4,75.0,8,Call
298,29900,86.0,1,85.0,2,84.0,6,90.0,1,91.0,4,92.0,10,Underlying
298,29900,85.0,2,84.0,5,83.0,8,91.0,1,92.0,2,93.0,6,Put
299,30000,84.0,2,83.0,2,82.0,9,88.0,2,89.0,2,90.0,6,Underlying
299,30000,82.0,1,81.0,2,80.0,7,90.0,2,91.0,4,92.0,5,Put
299,30000,72.0,0,71.0,4,70.0,9,74.0,0,75.0,4,76.0,8,Call
300,30100,83.0,2,82.0,4,81.0,7,87.0,0,88.0,4,89.0,7,Underlying
300,30100,81.0,2,80.0,4,79.0,5,89.0,2,90.0,4,91.0,7,Put
300,30100,72.0,0,71.0,4,70.0,8,74.0,0,75.0,2,76.0,7,Call
301,30200,84.0,0,83.0,3,82.0,6,92.0,1,93.0,3,94.0,6,Underlying
301,30200,84.0,2,83.0,2,82.0,7,92.0,1,93.0,3,94.0,5,Put
301,30200,69.0,1,68.0,5,67.0,7,75.0,2,76.0,4,77.0,5,Call
302,30300,84.0,1,83.0,4,82.0,6,90.0,1,91.0,2,92.0,6,Put
302,30300,72.0,0,71.0,4,70.0,10,76.0,0,77.0,5,78.0,8,Call
302,30300,83.0,2,82.0,5,81.0,7,91.0,2,92.0,4,93.0,5,Underlying
303,30400,73.0,1,72.0,4,71.0,9,77.0,0,78.0,4,79.0,10,Call
303,30400,85.0,1,84.0,5,83.0,7,89.0,2,90.0,2,91.0,5,Underlying
303,30400,85.0,2,84.0,2,83.0,9,89.0,0,90.0,2,91.0,10,Put
304,30500,72.0,2,71.0,5,70.0,6,74.0,1,75.0,5,76.0,5,Call
304,30500,86.0,0,85.0,3,84.0,5,90.0,0,91.0,5,92.0,5,Underlying
304,30500,85.0,0,84.0,3,83.0,7,91.0,2,92.0,4,93.0,6,Put
305,30600,72.0,1,71.0,4,70.0,8,74.0,0,75.0,5,76.0,5,Call
305,30600,84.0,1,83.0,3,82.0,5,90.0,2,91.0,3,92.0,5,Underlying
305,30600,83.0,0,82.0,2,81.0,7,91.0,2,92.0,5,93.0,9,Put
306,30700,69.0,1,68.0,3,67.0,6,73.0,1,74.0,3,75.0,9,Call
306,30700,88.0,0,87.0,5,86.0,10,92.0,2,93.0,5,94.0,10,Put
306,30700,86.0,2,85.0,5,84.0,6,94.0,2,95.0,2,96.0,5,Underlying
307,30800,87.0,1,86.0,5,85.0,7,93.0,0,94.0,2,95.0,8,Put
307,30800,68.0,2,67.0,4,66.0,5,74.0,1,75.0,3,76.0,6,Call
307,30800,86.0,0,85.0,5,84.0,10,94.0,2,95.0,3,96.0,8,Underlying
308,30900,86.0,1,85.0,3,84.0,9,90.0,0,91.0,2,92.0,6,Put
308,30900,69.0,0,68.0,3,67.0,6,73.0,1,74.0,3,75.0,10,Call
308,30900,85.0,0,84.0,2,83.0,5,91.0,1,92.0,5,93.0,10,Underlying
309,31000,87.0,1,86.0,2,85.0,5,93.0,2,94.0,3,95.0,6,Put
309,31000,67.0,0,66.0,2,65.0,7,73.0,1,74.0,2,75.0,6,Call
309,31000,87.0,0,86.0,5,85.0,10,93.0,0,94.0,2,95.0,7,Underlying
310,31100,66.0,2,65.0,2,64.0,6,68.0,2,69.0,4,70.0,9,Call
310,31100,90.0,0,89.0,2,88.0,7,92.0,0,93.0,2,94.0,10,Underlying
310,31100,87.0,1,86.0,4,85.0,10,95.0,2,96.0,2,97.0,10,Put
311,31200,88.0,0,87.0,4,86.0,9,92.0,0,93.0,5,94.0,6,Underlying
311,31200,88.0,0,87.0,5,86.0,10,92.0,0,93.0,2,94.0,7,Put
311,31200,67.0,1,66.0,4,65.0,10,71.0,0,72.0,5,73.0,6,Call
312,31300,90.0,2,89.0,5,88.0,6,92.0,1,93.0,5,94.0,6,Underlying
312,31300,87.0,1,86.0,3,85.0,8,95.0,2,96.0,3,97.0,7,Put
312,31300,67.0,0,66.0,3,65.0,7,69.0,1,70.0,4,71.0,7,Call
313,31400,88.0,2,87.0,4,86.0,9,92.0,2,93.0,3,94.0,5,Put
313,31400,68.0,0,67.0,3,66.0,9,72.0,1,73.0,3,74.0,10,Call
313,31400,87.0,0,86.0,5,85.0,9,93.0,2,94.0,4,95.0,8,Underlying
314,31500,67.0,1,66.0,2,65.0,5,69.0,2,70.0,4,71.0,5,Call
314,31500,90.0,1,89.0,2,88.0,10,92.0,1,93.0,5,94.0,7,Underlying
314,31500,89.0,2,88.0,2,87.0,7,93.0,0,94.0,4,95.0,10,Put
315,31600,68.0,2,67.0,4,66.0,7,72.0,2,73.0,3,74.0,7,Call
315,31600,89.0,1,88.0,2,87.0,5,91.0,2,92.0,5,93.0,6,Underlying
315,31600,87.0,0,86.0,4,85.0,7,93.0,1,94.0,4,95.0,9,Put
316,31700,71.0,1,70.0,2,69.0,8,73.0,2,74.0,2,75.0,9,Call
316,31700,87.0,0,86.0,2,85.0,5,89.0,2,90.0,4,91.0,8,Underlying
316,31700,87.0,2,86.0,2,85.0,7,89.0,1,90.0,2,91.0,8,Put
317,31800,85.0,1,84.0,5,83.0,5,89.0,1,90.0,4,91.0,6,Underlying
317,31800,86.0,0,85.0,2,84.0,9,88.0,1,89.0,5,90.0,10,Put
317,31800,69.0,2,68.0,3,67.0,5,71.0,2,72.0,2,73.0,9,Call
318,31900,84.0,1,83.0,4,82.0,6,88.0,2,89.0,5,90.0,8,Put
318,31900,69.0,0,68.0,5,67.0,5,77.0,0,78.0,3,79.0,7,Call
318,31900,82.0,1,81.0,3,80.0,7,90.0,1,91.0,5,92.0,9,Underlying
319,32000,85.0,0,84.0,4,83.0,6,89.0,0,90.0,2,91.0,8,Put
319,32000,69.0,1,68.0,3,67.0,10,73.0,1,74.0,2,75.0,10,Call
319,32000,85.0,2,84.0,3,83.0,6,89.0,2,90.0,2,91.0,5,Underlying
320,32100,83.0,2,82.0,5,81.0,6,89.0,0,90.0,5,91.0,7,Put
320,32100,70.0,0,69.0,2,68.0,9,74.0,0,75.0,4,76.0,10,Call
320,32100,84.0,0,83.0,4,82.0,10,88.0,2,89.0,2,90.0,6,Underlying
321,32200,87.0,1,86.0,4,85.0,5,89.0,2,90.0,5,91.0,5,Put
321,32200,87.0,0,86.0,5,85.0,6,89.0,1,90.0,3,91.0,5,Underlying
321,32200,69.0,0,68.0,2,67.0,9,75.0,2,76.0,3,77.0,6,Call
322,32300,87.0,1,86.0,2,85.0,5,91.0,2,92.0,5,93.0,6,Underlying
322,32300,85.0,0,84.0,5,83.0,8,93.0,2,94.0,3,95.0,7,Put
322,32300,67.0,2,66.0,2,65.0,5,75.0,0,76.0,5,77.0,9,Call
323,32400,87.0,2,86.0,5,85.0,7,89.0,0,90.0,5,91.0,8,Underlying
323,32400,87.0,0,86.0,4,85.0,5,89.0,2,90.0,5,91.0,9,Put
323,32400,68.0,2,67.0,4,66.0,8,74.0,2,75.0,5,76.0,8,Call
324,32500,85.0,1,84.0,3,83.0,9,93.0,1,94.0,2,95.0,7,Underlying
324,32500,85.0,1,84.0,5,83.0,7,93.0,0,94.0,3,95.0,10,Put
324,32500,68.0,2,67.0,4,66.0,8,72.0,2,73.0,4,74.0,8,Call
325,32600,91.0,2,90.0,2,89.0,7,93.0,1,94.0,2,95.0,5,Put
325,32600,67.0,0,66.0,5,65.0,6,73.0,0,74.0,3,75.0,6,Call
325,32600,91.0,2,90.0,3,89.0,5,93.0,0,94.0,5,95.0,10,Underlying
326,32700,65.0,1,64.0,2,63.0,7,73.0,2,74.0,4,75.0,5,Call
326,32700,91.0,0,90.0,5,89.0,9,93.0,1,94.0,4,95.0,8,Underlying
326,32700,90.0,1,89.0,2,88.0,9,94.0,0,95.0,2,96.0,10,Put
327,32800,71.0,2,70.0,2,69.0,7,73.0,0,74.0,4,75.0,5,Call
327,32800,87.0,0,86.0,3,85.0,10,95.0,2,96.0,4,97.0,6,Underlying
327,32800,88.0,0,87.0,5,86.0,8,94.0,0,95.0,2,96.0,9,Put
328,32900,70.0,1,69.0,5,68.0,5,78.0,2,79.0,3,80.0,9,Call
328,32900,86.0,1,85.0,4,84.0,9,92.0,0,93.0,3,94.0,10,Underlying
328,32900,86.0,1,85.0,5,84.0,8,92.0,2,93.0,5,94.0,5,Put
329,33000,87.0,2,86.0,2,85.0,7,89.0,2,90.0,3,91.0,8,Underlying
329,33000,87.0,0,86.0,2,85.0,5,89.0,1,90.0,5,91.0,8,Put
329,33000,71.0,2,70.0,4,69.0,9,79.0,0,80.0,5,81.0,9,Call
330,33100,83.0,1,82.0,5,81.0,7,89.0,2,90.0,4,91.0,10,Put
330,33100,72.0,1,71.0,4,70.0,9,76.0,2,77.0,4,78.0,8,Call
330,33100,85.0,2,84.0,2,83.0,5,87.0,0,88.0,5,89.0,7,Underlying
331,33200,81.0,2,80.0,4,79.0,5,85.0,1,86.0,2,87.0,6,Put
331,33200,72.0,0,71.0,3,70.0,10,78.0,1,79.0,2,80.0,10,Call
331,33200,81.0,0,80.0,5,79.0,5,85.0,1,86.0,3,87.0,10,Underlying
332,33300,78.0,2,77.0,2,76.0,7,82.0,0,83.0,3,84.0,8,Put
332,33300,74.0,2,73.0,5,72.0,5,76.0,2,77.0,4,78.0,5,Call
332,33300,79.0,2,78.0,4,77.0,9,81.0,1,82.0,4,83.0,9,Underlying
333,33400,72.0,2,71.0,2,70.0,6,80.0,2,81.0,5,82.0,6,Call
333,33400,81.0,0,80.0,3,79.0,7,83.0,0,84.0,2,85.0,8,Underlying
333,33400,79.0,1,78.0,2,77.0,9,85.0,1,86.0,4,87.0,10,Put
334,33500,80.0,2,79.0,5,78.0,7,86.0,1,87.0,4,88.0,6,Underlying
334,33500,82.0,1,81.0,3,80.0,5,84.0,2,85.0,3,86.0,9,Put
334,33500,72.0,0,71.0,3,70.0,7,76.0,2,77.0,4,78.0,6,Call
335,33600,81.0,1,80.0,3,79.0,7,83.0,0,84.0,2,85.0,7,Underlying
335,33600,80.0,2,79.0,5,78.0,9,84.0,1,85.0,4,86.0,9,Put
335,33600,74.0,0,73.0,3,72.0,7,80.0,1,81.0,2,82.0,5,Call
336,33700,77.0,0,76.0,3,75.0,8,85.0,1,86.0,4,87.0,9,Underlying
336,33700,77.0,2,76.0,3,75.0,7,85.0,2,86.0,5,87.0,5,Put
336,33700,73.0,2,72.0,5,71.0,5,79.0,1,80.0,5,81.0,7,Call
337,33800,79.0,1,78.0,4,77.0,5,83.0,0,84.0,2,85.0,5,Underlying
337,33800,73.0,0,72.0,2,71.0,9,81.0,0,82.0,2,83.0,9,Call
337,33800,78.0,0,77.0,2,76.0,8,84.0,0,85.0,4,86.0,8,Put
338,33900,74.0,2,73.0,3,72.0,7,80.0,0,81.0,2,82.0,5,Call
338,33900,76.0,1,75.0,2,74.0,10,84.0,1,85.0,5,86.0,9,Underlying
338,33900,76.0,0,75.0,2,74.0,10,84.0,1,85.0,2,86.0,9,Put
339,34000,74.0,1,73.0,2,72.0,6,80.0,2,81.0,5,82.0,7,Call
339,34000,79.0,1,78.0,4,77.0,7,85.0,2,86.0,3,87.0,8,Underlying
339,34000,81.0,1,80.0,3,79.0,7,83.0,2,84.0,3,85.0,8,Put
340,34100,76.0,2,75.0,4,74.0,7,78.0,0,79.0,2,80.0,8,Call
340,34100,78.0,0,77.0,4,76.0,6,86.0,2,87.0,4,88.0,5,Underlying
340,34100,78.0,1,77.0,5,76.0,9,86.0,2,87.0,5,88.0,6,Put
341,34200,81.0,1,80.0,5,79.0,10,85.0,2,86.0,2,87.0,6,Underlying
341,34200,82.0,2,81.0,2,80.0,8,84.0,2,85.0,3,86.0,7,Put
341,34200,77.0,2,76.0,2,75.0,7,83.0,0,84.0,4,85.0,6,Call
342,34300,82.0,1,81.0,5,80.0,10,86.0,1,87.0,3,88.0,6,Put
342,34300,76.0,0,75.0,5,74.0,5,82.0,2,83.0,4,84.0,5,Call
342,34300,82.0,2,81.0,5,80.0,9,86.0,0,87.0,2,88.0,5,Underlying
343,34400,84.0,1,83.0,5,82.0,8,86.0,0,87.0,5,88.0,5,Put
343,34400,76.0,1,75.0,4,74.0,10,80.0,1,81.0,5,82.0,7,Call
343,34400,82.0,1,81.0,4,80.0,5,88.0,1,89.0,2,90.0,9,Underlying
344,34500,85.0,1,84.0,5,83.0,5,89.0,1,90.0,3,91.0,7,Put
344,34500,77.0,0,76.0,2,75.0,7,81.0,1,82.0,4,83.0,7,Call
344,34500,86.0,1,85.0,4,84.0,6,88.0,2,89.0,3,90.0,6,Underlying
345,34600,84.0,1,83.0,2,82.0,10,90.0,2,91.0,2,92.0,10,Put
345,34600,85.0,0,84.0,5,83.0,8,89.0,2,90.0,3,91.0,8,Underlying
345,34600,77.0,0,76.0,3,75.0,9,83.0,0,84.0,3,85.0,9,Call
346,34700,83.0,1,82.0,4,81.0,9,89.0,2,90.0,3,91.0,7,Underlying
346,34700,83.0,1,82.0,2,81.0,10,89.0,0,90.0,2,91.0,7,Put
346,34700,81.0,2,80.0,2,79.0,7,85.0,2,86.0,5,87.0,6,Call
347,34800,82.0,0,81.0,4,80.0,7,88.0,1,89.0,4,90.0,5,Underlying
347,34800,83.0,1,82.0,4,81.0,10,87.0,1,88.0,4,89.0,7,Put
347,34800,81.0,1,80.0,3,79.0,6,89.0,2,90.0,3,91.0,8,Call
348,34900,83.0,0,82.0,2,81.0,5,89.0,0,90.0,2,91.0,9,Underlying
348,34900,84.0,0,83.0,4,82.0,7,88.0,2,89.0,3,90.0,10,Put
348,34900,83.0,0,82.0,3,81.0,5,85.0,1,86.0,2,87.0,8,Call
349,35000,84.0,0,83.0,4,82.0,7,86.0,1,87.0,2,88.0,9,Put
349,35000,80.0,2,79.0,4,78.0,9,82.0,1,83.0,4,84.0,7,Call
349,35000,81.0,1,80.0,3,79.0,5,89.0,2,90.0,2,91.0,5,Underlying
350,35100,79.0,2,78.0,3,77.0,9,81.0,0,82.0,5,83.0,7,Call
350,35100,84.0,2,83.0,5,82.0,10,88.0,1,89.0,3,90.0,10,Underlying
350,35100,82.0,0,81.0,3,80.0,5,90.0,0,91.0,5,92.0,8,Put
351,35200,82.0,2,81.0,2,80.0,8,84.0,0,85.0,3,86.0,5,Call
351,35200,84.0,2,83.0,3,82.0,7,86.0,2,87.0,3,88.0,9,Underlying
351,35200,84.0,0,83.0,3,82.0,8,86.0,2,87.0,4,88.0,8,Put
352,35300,80.0,1,79.0,3,78.0,7,86.0,0,87.0,2,88.0,5,Call
352,35300,81.0,1,80.0,3,79.0,9,89.0,0,90.0,2,91.0,6,Underlying
352,35300,81.0,2,80.0,2,79.0,7,89.0,2,90.0,3,91.0,7,Put
353,35400,85.0,1,84.0,5,83.0,8,89.0,2,90.0,2,91.0,7,Call
353,35400,82.0,1,81.0,2,80.0,9,86.0,2,87.0,2,88.0,8,Put
353,35400,83.0,1,82.0,4,81.0,5,85.0,1,86.0,2,87.0,5,Underlying
354,35500,80.0,2,79.0,5,78.0,9,84.0,2,85.0,5,86.0,8,Put
354,35500,84.0,2,83.0,5,82.0,10,92.0,0,93.0,4,94.0,6,Call
354,35500,81.0,2,80.0,2,79.0,10,83.0,2,84.0,5,85.0,8,Underlying
355,35600,79.0,0,78.0,3,77.0,6,87.0,0,88.0,5,89.0,8,Put
355,35600,83.0,1,82.0,4,81.0,10,89.0,1,90.0,4,91.0,9,Call
355,35600,82.0,0,81.0,4,80.0,10,84.0,2,85.0,3,86.0,9,Underlying
356,35700,79.0,0,78.0,5,77.0,8,87.0,1,88.0,3,89.0,10,Put
356,35700,81.0,0,80.0,2,79.0,10,83.0,1,84.0,2,85.0,7,Call
356,35700,81.0,2,80.0,2,79.0,5,85.0,2,86.0,3,87.0,6,Underlying
357,35800,81.0,0,80.0,5,79.0,6,85.0,1,86.0,2,87.0,7,Call
357,35800,79.0,2,78.0,4,77.0,5,87.0,0,88.0,3,89.0,5,Underlying
357,35800,80.0,0,79.0,3,78.0,8,86.0,1,87.0,2,88.0,9,Put
358,35900,80.0,0,79.0,3,78.0,6,86.0,0,87.0,3,88.0,8,Underlying
358,35900,82.0,1,81.0,4,80.0,9,84.0,1,85.0,5,86.0,7,Put
358,35900,80.0,2,79.0,3,78.0,10,82.0,2,83.0,4,84.0,6,Call
359,36000,82.0,1,81.0,2,80.0,5,84.0,2,85.0,3,86.0,7,Underlying
359,36000,79.0,0,78.0,4,77.0,9,87.0,0,88.0,3,89.0,6,Put
359,36000,73.0,2,72.0,2,71.0,8,81.0,1,82.0,3,83.0,5,Call
360,36100,83.0,0,82.0,3,81.0,7,85.0,2,86.0,5,87.0,5,Underlying
360,36100,80.0,1,79.0,3,78.0,10,88.0,0,89.0,4,90.0,8,Put
360,36100,74.0,1,73.0,3,72.0,6,78.0,0,79.0,3,80.0,8,Call
361,36200,80.0,2,79.0,2,78.0,5,86.0,1,87.0,5,88.0,10,Put
361,36200,72.0,1,71.0,3,70.0,9,80.0,0,81.0,2,82.0,9,Call
361,36200,82.0,2,81.0,5,80.0,10,84.0,1,85.0,5,86.0,8,Underlying
362,36300,72.0,2,71.0,3,70.0,7,74.0,2,75.0,3,76.0,6,Call
362,36300,80.0,0,79.0,3,78.0,5,88.0,1,89.0,3,90.0,5,Underlying
362,36300,83.0,0,82.0,2,81.0,10,85.0,0,86.0,2,87.0,5,Put
363,36400,70.0,1,69.0,2,68.0,10,74.0,1,75.0,3,76.0,10,Call
363,36400,84.0,1,83.0,4,82.0,9,90.0,2,91.0,5,92.0,5,Underlying
363,36400,85.0,2,84.0,3,83.0,10,89.0,2,90.0,2,91.0,7,Put
364,36500,68.0,0,67.0,5,66.0,6,72.0,1,73.0,5,74.0,7,Call
364,36500,83.0,0,82.0,4,81.0,8,89.0,0,90.0,3,91.0,10,Underlying
364,36500,84.0,0,83.0,3,82.0,8,88.0,1,89.0,2,90.0,6,Put
365,36600,85.0,1,84.0,5,83.0,5,93.0,1,94.0,4,95.0,5,Underlying
365,36600,86.0,1,85.0,4,84.0,8,92.0,1,93.0,2,94.0,7,Put
365,36600,68.0,0,67.0,5,66.0,7,70.0,0,71.0,3,72.0,5,Call
366,36700,86.0,0,85.0,5,84.0,8,94.0,0,95.0,5,96.0,6,Put
366,36700,67.0,2,66.0,4,65.0,10,73.0,0,74.0,4,75.0,7,Call
366,36700,88.0,0,87.0,2,86.0,5,92.0,1,93.0,2,94.0,7,Underlying
367,36800,86.0,0,85.0,3,84.0,5,94.0,2,95.0,2,96.0,9,Put
367,36800,67.0,0,66.0,5,65.0,6,73.0,1,74.0,5,75.0,10,Call
367,36800,88.0,2,87.0,2,86.0,8,92.0,1,93.0,3,94.0,9,Underlying
368,36900,87.0,2,86.0,4,85.0,6,91.0,0,92.0,4,93.0,8,Put
368,36900,69.0,1,68.0,5,67.0,10,71.0,1,72.0,4,73.0,6,Call
368,36900,86.0,2,85.0,4,84.0,8,92.0,1,93.0,5,94.0,10,Underlying
369,37000,86.0,2,85.0,5,84.0,8,94.0,0,95.0,2,96.0,7,Put
369,37000,88.0,0,87.0,4,86.0,8,92.0,1,93.0,3,94.0,5,Underlying
369,37000,65.0,1,64.0,2,63.0,7,73.0,0,74.0,3,75.0,9,Call
370,37100,88.0,2,87.0,5,86.0,9,90.0,2,91.0,5,92.0,8,Underlying
370,37100,88.0,0,87.0,4,86.0,5,90.0,1,91.0,5,92.0,8,Put
370,37100,64.0,1,63.0,2,62.0,9,72.0,2,73.0,4,74.0,8,Call
371,37200,86.0,2,85.0,4,84.0,7,90.0,0,91.0,2,92.0,6,Underlying
371,37200,86.0,2,85.0,5,84.0,7,90.0,1,91.0,4,92.0,6,Put
371,37200,68.0,2,67.0,4,66.0,5,70.0,0,71.0,5,72.0,5,Call
372,37300,68.0,1,67.0,2,66.0,8,70.0,2,71.0,3,72.0,7,Call
372,37300,84.0,2,83.0,5,82.0,9,90.0,2,91.0,3,92.0,7,Put
372,37300,85.0,0,84.0,5,83.0,9,89.0,1,90.0,3,91.0,10,Underlying
373,37400,84.0,1,83.0,4,82.0,10,92.0,2,93.0,3,94.0,8,Put
373,37400,86.0,1,85.0,5,84.0,5,90.0,2,91.0,2,92.0,7,Underlying
373,37400,66.0,1,65.0,5,64.0,10,72.0,2,73.0,3,74.0,10,Call
374,37500,85.0,0,84.0,4,83.0,8,91.0,2,92.0,2,93.0,10,Underlying
374,37500,84.0,1,83.0,5,82.0,8,92.0,2,93.0,5,94.0,7,Put
374,37500,63.0,2,62.0,4,61.0,5,71.0,2,72.0,2,73.0,6,Call
375,37600,69.0,1,68.0,3,67.0,6,71.0,1,72.0,5,73.0,6,Call
375,37600,86.0,0,85.0,2,84.0,6,88.0,2,89.0,5,90.0,6,Underlying
375,37600,86.0,1,85.0,2,84.0,10,88.0,2,89.0,5,90.0,8,Put
376,37700,69.0,2,68.0,4,67.0,9,71.0,0,72.0,2,73.0,8,Call
376,37700,86.0,0,85.0,5,84.0,8,94.0,2,95.0,3,96.0,7,Put
376,37700,87.0,1,86.0,5,85.0,6,93.0,1,94.0,5,95.0,9,Underlying
377,37800,84.0,1,83.0,5,82.0,5,90.0,1,91.0,5,92.0,5,Put
377,37800,69.0,0,68.0,5,67.0,5,71.0,0,72.0,5,73.0,5,Call
377,37800,83.0,1,82.0,5,81.0,10,91.0,2,92.0,5,93.0,10,Underlying
378,37900,88.0,1,87.0,4,86.0,9,90.0,0,91.0,2,92.0,5,Put
378,37900,68.0,0,67.0,3,66.0,10,72.0,2,73.0,2,74.0,5,Call
378,37900,88.0,2,87.0,4,86.0,10,90.0,1,91.0,2,92.0,10,Underlying
379,38000,85.0,2,84.0,5,83.0,6,91.0,2,92.0,2,93.0,10,Put
379,38000,68.0,1,67.0,2,66.0,6,70.0,1,71.0,4,72.0,5,Call
379,38000,85.0,2,84.0,3,83.0,7,91.0,0,92.0,2,93.0,10,Underlying
380,38100,62.0,0,61.0,5,60.0,5,70.0,0,71.0,5,72.0,9,Call
380,38100,87.0,1,86.0,2,85.0,6,91.0,2,92.0,5,93.0,7,Underlying
380,38100,88.0,0,87.0,5,86.0,5,90.0,1,91.0,4,92.0,10,Put
381,38200,87.0,2,86.0,3,85.0,9,93.0,0,94.0,5,95.0,6,Underlying
381,38200,87.0,2,86.0,5,85.0,10,93.0,1,94.0,2,95.0,9,Put
381,38200,61.0,0,60.0,2,59.0,9,67.0,1,68.0,3,69.0,6,Call
382,38300,87.0,0,86.0,3,85.0,7,89.0,2,90.0,4,91.0,10,Underlying
382,38300,84.0,2,83.0,5,82.0,5,92.0,1,93.0,5,94.0,7,Put
382,38300,64.0,2,63.0,3,62.0,9,66.0,2,67.0,4,68.0,7,Call
383,38400,87.0,0,86.0,3,85.0,8,91.0,2,92.0,5,93.0,8,Underlying
383,38400,85.0,1,84.0,2,83.0,9,93.0,1,94.0,4,95.0,6,Put
383,38400,59.0,2,58.0,2,57.0,5,67.0,1,68.0,2,69.0,8,Call
384,38500,87.0,2,86.0,5,85.0,5,91.0,1,92.0,3,93.0,9,Underlying
384,38500,64.0,1,63.0,2,62.0,6,66.0,1,67.0,4,68.0,10,Call
384,38500,88.0,1,87.0,2,86.0,7,90.0,0,91.0,4,92.0,9,Put
385,38600,60.0,2,59.0,2,58.0,6,66.0,0,67.0,4,68.0,7,Call
385,38600,90.0,0,89.0,2,88.0,9,94.0,1,95.0,4,96.0,9,Underlying
385,38600,91.0,0,90.0,2,89.0,10,93.0,1,94.0,5,95.0,6,Put
386,38700,59.0,1,58.0,2,57.0,5,65.0,1,66.0,3,67.0,10,Call
386,38700,92.0,2,91.0,2,90.0,7,96.0,2,97.0,3,98.0,5,Underlying
386,38700,91.0,2,90.0,3,89.0,5,97.0,1,98.0,5,99.0,9,Put
387,38800,60.0,1,59.0,4,58.0,6,66.0,2,67.0,5,68.0,9,Call
387,38800,92.0,0,91.0,2,90.0,5,94.0,2,95.0,5,96.0,8,Underlying
387,38800,89.0,0,88.0,4,87.0,6,97.0,2,98.0,4,99.0,7,Put
388,38900,92.0,0,91.0,3,90.0,6,94.0,2,95.0,4,96.0,8,Underlying
388,38900,89.0,2,88.0,2,87.0,10,97.0,2,98.0,5,99.0,6,Put
388,38900,62.0,1,61.0,3,60.0,8,64.0,0,65.0,3,66.0,8,Call
389,39000,87.0,0,86.0,4,85.0,9,95.0,0,96.0,5,97.0,9,Put
389,39000,59.0,2,58.0,3,57.0,7,67.0,1,68.0,2,69.0,7,Call
389,39000,88.0,2,87.0,5,86.0,9,94.0,0,95.0,5,96.0,8,Underlying
390,39100,92.0,0,91.0,2,90.0,9,96.0,2,97.0,3,98.0,8,Put
390,39100,59.0,0,58.0,3,57.0,7,67.0,2,68.0,2,69.0,7,Call
390,39100,90.0,2,89.0,4,88.0,9,98.0,1,99.0,5,100.0,6,Underlying
391,39200,95.0,0,94.0,4,93.0,6,97.0,0,98.0,3,99.0,6,Put
391,39200,62.0,1,61.0,5,60.0,7,64.0,2,65.0,5,66.0,5,Call
391,39200,95.0,0,94.0,2,93.0,8,97.0,2,98.0,3,99.0,9,Underlying
392,39300,59.0,1,58.0,5,57.0,10,63.0,2,64.0,3,65.0,9,Call
392,39300,92.0,1,91.0,3,90.0,8,98.0,0,99.0,5,100.0,8,Underlying
392,39300,91.0,2,90.0,5,89.0,5,99.0,0,100.0,3,101.0,7,Put
393,39400,90.0,2,89.0,5,88.0,5,96.0,2,97.0,5,98.0,5,Underlying
393,39400,89.0,1,88.0,2,87.0,6,97.0,2,98.0,5,99.0,5,Put
393,39400,63.0,0,62.0,2,61.0,10,65.0,0,66.0,3,67.0,9,Call
394,39500,90.0,0,89.0,2,88.0,10,92.0,0,93.0,2,94.0,10,Underlying
394,39500,89.0,1,88.0,2,87.0,9,93.0,1,94.0,3,95.0,7,Put
394,39500,63.0,1,62.0,2,61.0,10,69.0,2,70.0,4,71.0,10,Call
395,39600,90.0,1,89.0,5,88.0,10,92.0,0,93.0,4,94.0,7,Underlying
395,39600,89.0,0,88.0,5,87.0,5,93.0,0,94.0,2,95.0,9,Put
395,39600,60.0,0,59.0,5,58.0,8,66.0,0,67.0,3,68.0,7,Call
396,39700,87.0,2,86.0,5,85.0,5,93.0,2,94.0,3,95.0,5,Put
396,39700,60.0,0,59.0,3,58.0,5,66.0,2,67.0,5,68.0,9,Call
396,39700,87.0,2,86.0,2,85.0,6,93.0,0,94.0,2,95.0,6,Underlying
397,39800,62.0,1,61.0,2,60.0,5,68.0,2,69.0,5,70.0,5,Call
397,39800,87.0,1,86.0,5,85.0,8,91.0,1,92.0,2,93.0,7,Underlying
397,39800,87.0,0,86.0,4,85.0,7,91.0,2,92.0,2,93.0,7,Put
398,39900,64.0,1,63.0,5,62.0,7,72.0,1,73.0,5,74.0,8,Call
398,39900,85.0,2,84.0,3,83.0,8,91.0,1,92.0,3,93.0,5,Underlying
398,39900,86.0,2,85.0,2,84.0,8,90.0,1,91.0,4,92.0,5,Put
399,40000,67.0,1,66.0,2,65.0,8,73.0,1,74.0,4,75.0,7,Call
399,40000,85.0,0,84.0,4,83.0,8,93.0,1,94.0,5,95.0,7,Underlying
399,40000,85.0,1,84.0,5,83.0,8,93.0,2,94.0,2,95.0,6,Put
400,40100,66.0,2,65.0,4,64.0,8,70.0,0,71.0,2,72.0,7,Call
400,40100,89.0,2,88.0,5,87.0,5,91.0,1,92.0,5,93.0,7,Put
400,40100,86.0,2,85.0,5,84.0,9,94.0,2,95.0,2,96.0,6,Underlying
401,40200,88.0,0,87.0,3,86.0,9,94.0,2,95.0,2,96.0,6,Put
401,40200,67.0,1,66.0,2,65.0,10,69.0,2,70.0,4,71.0,6,Call
401,40200,87.0,1,86.0,2,85.0,7,95.0,0,96.0,3,97.0,10,Underlying
402,40300,91.0,1,90.0,5,89.0,10,93.0,0,94.0,2,95.0,6,Put
402,40300,63.0,2,62.0,2,61.0,9,71.0,2,72.0,5,73.0,7,Call
402,40300,89.0,1,88.0,5,87.0,8,95.0,0,96.0,5,97.0,7,Underlying
403,40400,88.0,1,87.0,5,86.0,10,94.0,0,95.0,4,96.0,6,Put
403,40400,69.0,2,68.0,4,67.0,9,73.0,2,74.0,4,75.0,6,Call
403,40400,89.0,2,88.0,2,87.0,6,93.0,0,94.0,3,95.0,9,Underlying
404,40500,68.0,1,67.0,5,66.0,6,72.0,1,73.0,2,74.0,10,Call
404,40500,93.0,2,92.0,5,91.0,7,95.0,0,96.0,5,97.0,6,Underlying
404,40500,92.0,0,91.0,3,90.0,5,96.0,1,97.0,4,98.0,8,Put
405,40600,92.0,1,91.0,2,90.0,10,98.0,2,99.0,3,100.0,10,Underlying
405,40600,92.0,0,91.0,4,90.0,6,98.0,2,99.0,2,100.0,9,Put
405,40600,66.0,0,65.0,2,64.0,8,70.0,0,71.0,5,72.0,8,Call
406,40700,93.0,0,92.0,5,91.0,7,99.0,0,100.0,5,101.0,6,Underlying
406,40700,95.0,2,94.0,4,93.0,10,97.0,2,98.0,5,99.0,9,Put
406,40700,66.0,0,65.0,4,64.0,8,74.0,1,75.0,2,76.0,5,Call
407,40800,89.0,0,88.0,2,87.0,9,97.0,1,98.0,4,99.0,7,Underlying
407,40800,90.0,1,89.0,3,88.0,7,96.0,0,97.0,3,98.0,10,Put
407,40800,68.0,2,67.0,3,66.0,5,76.0,1,77.0,4,78.0,8,Call
408,40900,91.0,2,90.0,5,89.0,8,95.0,1,96.0,4,97.0,5,Underlying
408,40900,69.0,0,68.0,3,67.0,7,71.0,2,72.0,4,73.0,7,Call
408,40900,90.0,1,89.0,2,88.0,7,96.0,1,97.0,3,98.0,5,Put
409,41000,66.0,1,65.0,3,64.0,6,72.0,2,73.0,4,74.0,10,Call
409,41000,90.0,1,89.0,2,88.0,6,98.0,2,99.0,2,100.0,10,Underlying
409,41000,90.0,1,89.0,5,88.0,10,98.0,2,99.0,4,100.0,5,Put
410,41100,62.0,1,61.0,4,60.0,8,70.0,2,71.0,2,72.0,10,Call
410,41100,93.0,2,92.0,3,91.0,9,97.0,2,98.0,2,99.0,9,Underlying
410,41100,91.0,0,90.0,5,89.0,8,99.0,2,100.0,5,101.0,9,Put
411,41200,61.0,0,60.0,3,59.0,9,67.0,0,68.0,5,69.0,6,Call
411,41200,93.0,2,92.0,5,91.0,9,95.0,2,96.0,2,97.0,7,Underlying
411,41200,90.0,0,89.0,4,88.0,10,98.0,1,99.0,5,100.0,6,Put
412,41300,94.0,0,93.0,5,92.0,7,96.0,0,97.0,4,98.0,8,Underlying
412,41300,94.0,0,93.0,2,92.0,8,96.0,1,97.0,2,98.0,10,Put
412,41300,61.0,0,60.0,3,59.0,9,65.0,1,66.0,5,67.0,6,Call
413,41400,94.0,1,93.0,5,92.0,8,100.0,2,101.0,2,102.0,6,Put
413,41400,61.0,0,60.0,2,59.0,10,67.0,1,68.0,2,69.0,6,Call
413,41400,96.0,2,95.0,5,94.0,10,98.0,0,99.0,2,100.0,7,Underlying
414,41500,93.0,2,92.0,2,91.0,8,101.0,0,102.0,3,103.0,9,Put
414,41500,61.0,1,60.0,5,59.0,7,67.0,2,68.0,3,69.0,9,Call
414,41500,95.0,2,94.0,3,93.0,10,99.0,2,100.0,2,101.0,6,Underlying
415,41600,96.0,0,95.0,5,94.0,8,100.0,0,101.0,2,102.0,10,Put
415,41600,60.0,1,59.0,5,58.0,6,62.0,0,63.0,2,64.0,6,Call
415,41600,97.0,1,96.0,2,95.0,10,99.0,1,100.0,3,101.0,8,Underlying
416,41700,97.0,0,96.0,3,95.0,10,99.0,2,100.0,4,101.0,5,Put
416,41700,97.0,0,96.0,5,95.0,8,99.0,1,100.0,2,101.0,10,Underlying
416,41700,58.0,1,57.0,3,56.0,10,64.0,1,65.0,5,66.0,7,Call
417,41800,95.0,1,94.0,5,93.0,7,97.0,0,98.0,4,99.0,8,Underlying
417,41800,93.0,2,92.0,5,91.0,10,99.0,1,100.0,5,101.0,5,Put
417,41800,60.0,2,59.0,3,58.0,8,62.0,2,63.0,3,64.0,6,Call
418,41900,92.0,2,91.0,3,90.0,10,98.0,1,99.0,5,100.0,5,Underlying
418,41900,93.0,0,92.0,3,91.0,9,97.0,1,98.0,4,99.0,7,Put
418,41900,58.0,0,57.0,5,56.0,7,62.0,1,63.0,5,64.0,5,Call
419,42000,94.0,0,93.0,4,92.0,10,98.0,0,99.0,4,100.0,8,Underlying
419,42000,93.0,0,92.0,2,91.0,9,99.0,0,100.0,2,101.0,8,Put
419,42000,54.0,0,53.0,3,52.0,10,62.0,1,63.0,3,64.0,7,Call
420,42100,96.0,0,95.0,4,94.0,8,98.0,0,99.0,3,100.0,7,Put
420,42100,59.0,0,58.0,3,57.0,5,61.0,2,62.0,4,63.0,8,Call
420,42100,95.0,0,94.0,2,93.0,8,99.0,2,100.0,5,101.0,5,Underlying
421,42200,58.0,0,57.0,4,56.0,9,62.0,0,63.0,3,64.0,6,Call
421,42200,91.0,0,90.0,4,89.0,5,99.0,2,100.0,3,101.0,6,Underlying
421,42200,94.0,0,93.0,4,92.0,7,96.0,2,97.0,4,98.0,7,Put
422,42300,56.0,0,55.0,4,54.0,8,64.0,0,65.0,3,66.0,10,Call
422,42300,93.0,2,92.0,2,91.0,6,95.0,0,96.0,5,97.0,5,Underlying
422,42300,90.0,2,89.0,5,88.0,9,98.0,1,99.0,3,100.0,8,Put
423,42400,58.0,2,57.0,5,56.0,5,62.0,2,63.0,5,64.0,9,Call
423,42400,95.0,0,94.0,5,93.0,9,97.0,2,98.0,2,99.0,6,Underlying
423,42400,94.0,2,93.0,5,92.0,8,98.0,0,99.0,2,100.0,7,Put
424,42500,93.0,1,92.0,3,91.0,9,99.0,2,100.0,3,101.0,6,Underlying
424,42500,94.0,2,93.0,5,92.0,10,98.0,2,99.0,5,100.0,6,Put
424,42500,54.0,2,53.0,4,52.0,6,62.0,0,63.0,2,64.0,8,Call
425,42600,90.0,1,89.0,3,88.0,5,96.0,2,97.0,4,98.0,5,Put
425,42600,59.0,0,58.0,4,57.0,10,61.0,1,62.0,5,63.0,7,Call
425,42600,92.0,2,91.0,3,90.0,10,94.0,0,95.0,5,96.0,7,Underlying
426,42700,91.0,1,90.0,3,89.0,6,95.0,0,96.0,2,97.0,6,Put
426,42700,59.0,2,58.0,3,57.0,8,65.0,1,66.0,2,67.0,7,Call
426,42700,89.0,2,88.0,3,87.0,10,97.0,2,98.0,4,99.0,7,Underlying
427,42800,89.0,0,88.0,2,87.0,5,97.0,2,98.0,3,99.0,7,Put
427,42800,60.0,1,59.0,3,58.0,8,66.0,2,67.0,2,68.0,7,Call
427,42800,90.0,1,89.0,2,88.0,10,96.0,0,97.0,5,98.0,10,Underlying
428,42900,62.0,2,61.0,3,60.0,10,64.0,1,65.0,2,66.0,8,Call
428,42900,92.0,2,91.0,5,90.0,7,96.0,2,97.0,2,98.0,10,Underlying
428,42900,92.0,1,91.0,2,90.0,9,96.0,1,97.0,4,98.0,5,Put
429,43000,92.0,2,91.0,2,90.0,6,98.0,2,99.0,2,100.0,8,Underlying
429,43000,94.0,0,93.0,2,92.0,9,96.0,0,97.0,4,98.0,5,Put
429,43000,61.0,2,60.0,3,59.0,9,63.0,1,64.0,3,65.0,7,Call
430,43100,92.0,2,91.0,3,90.0,10,100.0,1,101.0,5,102.0,5,Underlying
430,43100,94.0,2,93.0,4,92.0,9,98.0,2,99.0,4,100.0,8,Put
430,43100,60.0,0,59.0,5,58.0,5,64.0,1,65.0,2,66.0,5,Call
431,43200,96.0,1,95.0,3,94.0,5,100.0,2,101.0,4,102.0,9,Underlying
431,43200,97.0,1,96.0,5,95.0,8,99.0,2,100.0,4,101.0,10,Put
431,43200,59.0,0,58.0,2,57.0,7,63.0,1,64.0,5,65.0,5,Call
432,43300,98.0,1,97.0,3,96.0,9,102.0,2,103.0,2,104.0,5,Underlying
432,43300,56.0,1,55.0,5,54.0,7,62.0,1,63.0,5,64.0,7,Call
432,43300,99.0,2,98.0,4,97.0,7,101.0,0,102.0,3,103.0,9,Put
433,43400,58.0,1,57.0,2,56.0,8,64.0,2,65.0,5,66.0,6,Call
433,43400,99.0,1,98.0,5,97.0,5,103.0,0,104.0,3,105.0,10,Underlying
433,43400,99.0,0,98.0,2,97.0,7,103.0,0,104.0,4,105.0,10,Put
434,43500,61.0,2,60.0,4,59.0,7,63.0,2,64.0,2,65.0,7,Call
434,43500,97.0,2,96.0,3,95.0,6,105.0,1,106.0,3,107.0,6,Underlying
434,43500,97.0,2,96.0,4,95.0,8,105.0,2,106.0,5,107.0,5,Put
435,43600,103.0,0,102.0,4,101.0,10,105.0,0,106.0,3,107.0,6,Put
435,43600,100.0,0,99.0,2,98.0,7,108.0,0,109.0,2,110.0,6,Underlying
435,43600,59.0,2,58.0,5,57.0,6,63.0,0,64.0,4,65.0,6,Call
436,43700,99.0,0,98.0,3,97.0,7,101.0,1,102.0,3,103.0,10,Underlying
436,43700,57.0,1,56.0,5,55.0,6,65.0,1,66.0,3,67.0,8,Call
436,43700,98.0,1,97.0,3,96.0,6,102.0,0,103.0,4,104.0,7,Put
437,43800,60.0,0,59.0,4,58.0,9,62.0,0,63.0,3,64.0,5,Call
437,43800,97.0,1,96.0,3,95.0,7,105.0,2,106.0,2,107.0,7,Underlying
437,43800,99.0,1,98.0,4,97.0,5,103.0,0,104.0,4,105.0,6,Put
438,43900,102.0,2,101.0,4,100.0,8,104.0,0,105.0,5,106.0,6,Put
438,43900,60.0,0,59.0,5,58.0,7,62.0,1,63.0,4,64.0,5,Call
438,43900,100.0,2,99.0,3,98.0,10,106.0,2,107.0,3,108.0,8,Underlying
439,44000,60.0,1,59.0,2,58.0,9,62.0,2,63.0,3,64.0,9,Call
439,44000,99.0,1,98.0,4,97.0,7,105.0,0,106.0,5,107.0,8,Underlying
439,44000,100.0,0,99.0,3,98.0,6,104.0,0,105.0,3,106.0,10,Put
440,44100,97.0,2,96.0,5,95.0,6,105.0,0,106.0,2,107.0,6,Underlying
440,44100,97.0,1,96.0,4,95.0,10,105.0,1,106.0,3,107.0,9,Put
440,44100,61.0,1,60.0,4,59.0,5,65.0,0,66.0,5,67.0,8,Call
441,44200,100.0,2,99.0,2,98.0,7,104.0,2,105.0,2,106.0,6,Underlying
441,44200,98.0,0,97.0,4,96.0,7,106.0,1,107.0,2,108.0,9,Put
441,44200,58.0,0,57.0,2,56.0,9,64.0,1,65.0,2,66.0,7,Call
442,44300,100.0,2,99.0,3,98.0,6,106.0,1,107.0,2,108.0,10,Underlying
442,44300,99.0,1,98.0,5,97.0,5,107.0,0,108.0,3,109.0,8,Put
442,44300,56.0,1,55.0,4,54.0,7,62.0,1,63.0,4,64.0,10,Call
443,44400,98.0,0,97.0,5,96.0,6,102.0,0,103.0,5,104.0,10,Put
443,44400,59.0,0,58.0,4,57.0,5,61.0,0,62.0,4,63.0,9,Call
443,44400,96.0,2,95.0,2,94.0,7,104.0,1,105.0,5,106.0,5,Underlying
444,44500,57.0,0,56.0,2,55.0,10,61.0,2,62.0,2,63.0,5,Call
444,44500,100.0,0,99.0,5,98.0,10,102.0,2,103.0,5,104.0,10,Underlying
444,44500,100.0,2,99.0,2,98.0,5,102.0,2,103.0,3,104.0,5,Put
445,44600,55.0,2,54.0,4,53.0,5,61.0,1,62.0,5,63.0,8,Call
445,44600,101.0,0,100.0,3,99.0,5,103.0,1,104.0,5,105.0,9,Underlying
445,44600,101.0,0,100.0,2,99.0,5,103.0,0,104.0,5,105.0,9,Put
446,44700,55.0,1,54.0,2,53.0,8,59.0,1,60.0,5,61.0,6,Call
446,44700,100.0,0,99.0,2,98.0,9,108.0,1,109.0,2,110.0,5,Underlying
446,44700,103.0,0,102.0,2,101.0,7,105.0,2,106.0,5,107.0,8,Put
447,44800,54.0,1,53.0,2,52.0,5,60.0,2,61.0,3,62.0,5,Call
447,44800,102.0,1,101.0,2,100.0,10,110.0,2,111.0,4,112.0,8,Put
447,44800,102.0,1,101.0,3,100.0,8,110.0,2,111.0,5,112.0,7,Underlying
448,44900,102.0,1,101.0,2,100.0,7,110.0,1,111.0,5,112.0,7,Put
448,44900,57.0,2,56.0,3,55.0,10,61.0,0,62.0,5,63.0,9,Call
448,44900,102.0,2,101.0,2,100.0,6,110.0,0,111.0,2,112.0,10,Underlying
449,45000,104.0,2,103.0,3,102.0,8,106.0,2,107.0,5,108.0,8,Put
449,45000,58.0,1,57.0,4,56.0,9,64.0,1,65.0,5,66.0,8,Call
449,45000,103.0,0,102.0,3,101.0,6,107.0,2,108.0,4,109.0,7,Underlying
450,45100,104.0,1,103.0,4,102.0,7,106.0,1,107.0,3,108.0,5,Put
450,45100,56.0,0,55.0,4,54.0,10,64.0,0,65.0,4,66.0,9,Call
450,45100,103.0,2,102.0,2,101.0,10,107.0,0,108.0,3,109.0,9,Underlying
451,45200,56.0,2,55.0,5,54.0,10,58.0,0,59.0,5,60.0,10,Call
451,45200,102.0,0,101.0,5,100.0,5,110.0,1,111.0,2,112.0,9,Underlying
451,45200,102.0,0,101.0,5,100.0,5,110.0,1,111.0,4,112.0,10,Put
452,45300,105.0,0,104.0,5,103.0,6,113.0,2,114.0,3,115.0,10,Underlying
452,45300,108.0,2,107.0,2,106.0,10,110.0,2,111.0,4,112.0,8,Put
452,45300,53.0,2,52.0,4,51.0,10,57.0,2,58.0,3,59.0,7,Call
453,45400,106.0,0,105.0,2,104.0,6,108.0,0,109.0,3,110.0,6,Underlying
453,45400,104.0,1,103.0,2,102.0,5,110.0,2,111.0,4,112.0,10,Put
453,45400,55.0,2,54.0,2,53.0,8,57.0,0,58.0,2,59.0,10,Call
454,45500,105.0,1,104.0,3,103.0,9,109.0,0,110.0,4,111.0,7,Underlying
454,45500,105.0,2,104.0,3,103.0,7,109.0,2,110.0,4,111.0,6,Put
454,45500,53.0,2,52.0,3,51.0,10,59.0,1,60.0,4,61.0,10,Call
455,45600,105.0,2,104.0,4,103.0,7,111.0,1,112.0,4,113.0,8,Put
455,45600,52.0,1,51.0,4,50.0,7,58.0,0,59.0,4,60.0,5,Call
455,45600,105.0,2,104.0,2,103.0,6,111.0,0,112.0,4,113.0,8,Underlying
456,45700,56.0,0,55.0,5,54.0,6,58.0,0,59.0,2,60.0,9,Call
456,45700,103.0,2,102.0,3,101.0,6,109.0,1,110.0,4,111.0,9,Underlying
456,45700,103.0,2,102.0,3,101.0,8,109.0,0,110.0,2,111.0,10,Put
457,45800,53.0,0,52.0,5,51.0,5,59.0,0,60.0,4,61.0,6,Call
457,45800,100.0,0,99.0,4,98.0,9,106.0,0,107.0,2,108.0,7,Underlying
457,45800,102.0,1,101.0,5,100.0,9,104.0,0,105.0,3,106.0,10,Put
458,45900,55.0,2,54.0,4,53.0,7,63.0,2,64.0,2,65.0,7,Call
458,45900,101.0,0,100.0,3,99.0,10,105.0,1,106.0,5,107.0,9,Underlying
458,45900,100.0,2,99.0,3,98.0,9,106.0,1,107.0,3,108.0,5,Put
459,46000,102.0,2,101.0,5,100.0,9,104.0,1,105.0,4,106.0,10,Underlying
459,46000,101.0,2,100.0,5,99.0,8,105.0,0,106.0,5,107.0,10,Put
459,46000,56.0,1,55.0,4,54.0,8,60.0,1,61.0,5,62.0,9,Call
460,46100,100.0,2,99.0,5,98.0,10,106.0,0,107.0,3,108.0,8,Put
460,46100,55.0,1,54.0,5,53.0,10,57.0,0,58.0,5,59.0,9,Call
460,46100,99.0,2,98.0,4,97.0,9,107.0,0,108.0,3,109.0,6,Underlying
461,46200,98.0,1,97.0,3,96.0,6,102.0,0,103.0,3,104.0,7,Put
461,46200,55.0,0,54.0,3,53.0,5,61.0,1,62.0,3,63.0,8,Call
461,46200,97.0,1,96.0,4,95.0,9,103.0,1,104.0,3,105.0,8,Underlying
462,46300,97.0,1,96.0,2,95.0,7,101.0,0,102.0,5,103.0,9,Put
462,46300,53.0,1,52.0,4,51.0,9,61.0,1,62.0,3,63.0,9,Call
462,46300,98.0,1,97.0,4,96.0,9,100.0,0,101.0,5,102.0,5,Underlying
463,46400,94.0,1,93.0,4,92.0,9,102.0,0,103.0,3,104.0,10,Put
463,46400,94.0,1,93.0,3,92.0,10,102.0,0,103.0,5,104.0,9,Underlying
463,46400,57.0,2,56.0,4,55.0,7,61.0,0,62.0,3,63.0,7,Call
464,46500,97.0,2,96.0,5,95.0,6,101.0,0,102.0,2,103.0,10,Underlying
464,46500,96.0,1,95.0,2,94.0,9,102.0,0,103.0,4,104.0,7,Put
464,46500,55.0,1,54.0,3,53.0,9,57.0,1,58.0,4,59.0,9,Call
465,46600,100.0,1,99.0,4,98.0,5,102.0,0,103.0,5,104.0,9,Underlying
465,46600,97.0,2,96.0,4,95.0,6,105.0,0,106.0,2,107.0,7,Put
465,46600,53.0,2,52.0,5,51.0,5,57.0,0,58.0,4,59.0,8,Call
466,46700,101.0,2,100.0,4,99.0,7,103.0,2,104.0,5,105.0,8,Underlying
466,46700,100.0,2,99.0,5,98.0,9,104.0,2,105.0,2,106.0,8,Put
466,46700,52.0,1,51.0,4,50.0,10,60.0,0,61.0,3,62.0,10,Call
467,46800,97.0,1,96.0,4,95.0,6,101.0,0,102.0,4,103.0,7,Put
467,46800,55.0,1,54.0,3,53.0,10,59.0,1,60.0,4,61.0,7,Call
467,46800,97.0,2,96.0,3,95.0,5,101.0,0,102.0,4,103.0,9,Underlying
468,46900,51.0,2,50.0,3,49.0,8,57.0,0,58.0,4,59.0,7,Call
468,46900,98.0,0,97.0,5,96.0,6,102.0,2,103.0,4,104.0,9,Underlying
468,46900,98.0,1,97.0,3,96.0,6,102.0,0,103.0,2,104.0,10,Put
469,47000,53.0,2,52.0,5,51.0,8,55.0,1,56.0,3,57.0,5,Call
469,47000,95.0,0,94.0,2,93.0,8,103.0,1,104.0,5,105.0,8,Underlying
469,47000,97.0,0,96.0,3,95.0,8,101.0,2,102.0,3,103.0,7,Put
470,47100,53.0,1,52.0,4,51.0,8,57.0,2,58.0,3,59.0,5,Call
470,47100,94.0,2,93.0,4,92.0,9,102.0,1,103.0,3,104.0,8,Put
470,47100,95.0,2,94.0,5,93.0,5,101.0,0,102.0,3,103.0,9,Underlying
471,47200,93.0,1,92.0,5,91.0,10,101.0,2,102.0,4,103.0,6,Put
471,47200,54.0,2,53.0,5,52.0,7,60.0,2,61.0,2,62.0,8,Call
471,47200,96.0,2,95.0,4,94.0,5,98.0,1,99.0,2,100.0,8,Underlying
472,47300,91.0,2,90.0,2,89.0,10,99.0,1,100.0,5,101.0,6,Put
472,47300,58.0,1,57.0,4,56.0,7,60.0,0,61.0,4,62.0,10,Call
472,47300,94.0,0,93.0,3,92.0,8,96.0,1,97.0,2,98.0,5,Underlying
473,47400,93.0,0,92.0,3,91.0,9,101.0,2,102.0,5,103.0,8,Put
473,47400,54.0,0,53.0,3,52.0,6,62.0,2,63.0,2,64.0,8,Call
473,47400,96.0,0,95.0,4,94.0,10,98.0,2,99.0,3,100.0,8,Underlying
474,47500,53.0,0,52.0,2,51.0,9,61.0,0,62.0,4,63.0,6,Call
474,47500,96.0,0,95.0,2,94.0,6,104.0,1,105.0,4,106.0,5,Underlying
474,47500,99.0,1,98.0,3,97.0,7,101.0,2,102.0,4,103.0,7,Put
475,47600,99.0,1,98.0,5,97.0,9,107.0,1,108.0,5,109.0,5,Underlying
475,47600,102.0,1,101.0,3,100.0,5,104.0,2,105.0,3,106.0,9,Put
475,47600,54.0,2,53.0,3,52.0,5,60.0,0,61.0,2,62.0,8,Call
476,47700,99.0,0,98.0,2,97.0,9,105.0,1,106.0,2,107.0,7,Underlying
476,47700,99.0,1,98.0,2,97.0,7,105.0,0,106.0,5,107.0,10,Put
476,47700,51.0,2,50.0,2,49.0,10,59.0,1,60.0,4,61.0,6,Call
477,47800,102.0,0,101.0,2,100.0,8,104.0,1,105.0,3,106.0,6,Underlying
477,47800,99.0,1,98.0,3,97.0,5,107.0,0,108.0,4,109.0,9,Put
477,47800,53.0,1,52.0,2,51.0,7,55.0,0,56.0,4,57.0,8,Call
478,47900,99.0,2,98.0,5,97.0,8,105.0,1,106.0,5,107.0,9,Underlying
478,47900,50.0,0,49.0,2,48.0,8,56.0,0,57.0,5,58.0,10,Call
478,47900,99.0,2,98.0,5,97.0,9,105.0,2,106.0,2,107.0,9,Put
479,48000,49.0,0,48.0,2,47.0,7,53.0,0,54.0,4,55.0,6,Call
479,48000,102.0,1,101.0,4,100.0,7,104.0,0,105.0,4,106.0,8,Underlying
479,48000,102.0,0,101.0,2,100.0,10,104.0,1,105.0,3,106.0,5,Put
480,48100,48.0,0,47.0,5,46.0,10,54.0,0,55.0,5,56.0,6,Call
480,48100,99.0,0,98.0,5,97.0,6,105.0,0,106.0,3,107.0,8,Underlying
480,48100,101.0,1,100.0,3,99.0,8,103.0,2,104.0,4,105.0,9,Put
481,48200,49.0,1,48.0,3,47.0,10,55.0,2,56.0,5,57.0,9,Call
481,48200,101.0,2,100.0,4,99.0,9,107.0,1,108.0,4,109.0,9,Underlying
481,48200,102.0,2,101.0,2,100.0,9,106.0,1,107.0,3,108.0,7,Put
482,48300,101.0,0,100.0,2,99.0,5,103.0,2,104.0,2,105.0,8,Put
482,48300,48.0,1,47.0,2,46.0,5,56.0,0,57.0,4,58.0,6,Call
482,48300,98.0,0,97.0,2,96.0,7,106.0,2,107.0,5,108.0,7,Underlying
483,48400,99.0,1,98.0,4,97.0,9,101.0,2,102.0,4,103.0,8,Underlying
483,48400,53.0,2,52.0,4,51.0,8,57.0,2,58.0,4,59.0,7,Call
483,48400,97.0,1,96.0,2,95.0,6,103.0,0,104.0,4,105.0,9,Put
484,48500,101.0,2,100.0,5,99.0,8,103.0,1,104.0,2,105.0,5,Put
484,48500,51.0,2,50.0,3,49.0,7,57.0,1,58.0,2,59.0,10,Call
484,48500,100.0,1,99.0,2,98.0,8,104.0,1,105.0,2,106.0,5,Underlying
485,48600,97.0,1,96.0,5,95.0,5,105.0,0,106.0,2,107.0,7,Put
485,48600,56.0,0,55.0,5,54.0,9,58.0,1,59.0,4,60.0,5,Call
485,48600,98.0,1,97.0,3,96.0,8,104.0,0,105.0,3,106.0,9,Underlying
486,48700,54.0,0,53.0,4,52.0,7,60.0,0,61.0,5,62.0,6,Call
486,48700,96.0,2,95.0,4,94.0,5,102.0,2,103.0,4,104.0,8,Underlying
486,48700,96.0,1,95.0,3,94.0,7,102.0,2,103.0,3,104.0,6,Put
487,48800,99.0,2,98.0,3,97.0,9,103.0,2,104.0,5,105.0,9,Underlying
487,48800,97.0,1,96.0,3,95.0,8,105.0,0,106.0,3,107.0,8,Put
487,48800,53.0,1,52.0,3,51.0,6,57.0,2,58.0,5,59.0,7,Call
488,48900,96.0,2,95.0,5,94.0,6,100.0,1,101.0,5,102.0,6,Underlying
488,48900,97.0,0,96.0,2,95.0,10,99.0,2,100.0,4,101.0,7,Put
488,48900,54.0,1,53.0,3,52.0,8,56.0,0,57.0,3,58.0,5,Call
489,49000,96.0,2,95.0,5,94.0,8,102.0,1,103.0,4,104.0,9,Underlying
489,49000,96.0,0,95.0,5,94.0,8,102.0,2,103.0,5,104.0,7,Put
489,49000,52.0,2,51.0,2,50.0,10,54.0,0,55.0,2,56.0,7,Call
490,49100,51.0,0,50.0,4,49.0,5,55.0,2,56.0,5,57.0,6,Call
490,49100,97.0,0,96.0,3,95.0,5,99.0,0,100.0,5,101.0,9,Underlying
490,49100,94.0,1,93.0,4,92.0,8,102.0,0,103.0,5,104.0,6,Put
491,49200,94.0,1,93.0,3,92.0,10,102.0,2,103.0,2,104.0,7,Put
491,49200,96.0,2,95.0,2,94.0,8,100.0,1,101.0,3,102.0,10,Underlying
491,49200,49.0,1,48.0,5,47.0,8,55.0,2,56.0,2,57.0,6,Call
492,49300,52.0,1,51.0,5,50.0,6,56.0,1,57.0,5,58.0,8,Call
492,49300,95.0,0,94.0,3,93.0,10,97.0,2,98.0,4,99.0,9,Underlying
492,49300,95.0,1,94.0,2,93.0,5,97.0,2,98.0,5,99.0,8,Put
493,49400,51.0,1,50.0,2,49.0,8,55.0,2,56.0,2,57.0,9,Call
493,49400,95.0,0,94.0,5,93.0,8,97.0,0,98.0,3,99.0,9,Underlying
493,49400,95.0,2,94.0,5,93.0,7,97.0,1,98.0,3,99.0,6,Put
494,49500,50.0,0,49.0,2,48.0,5,58.0,0,59.0,4,60.0,5,Call
494,49500,94.0,1,93.0,3,92.0,5,96.0,1,97.0,4,98.0,6,Put
494,49500,92.0,0,91.0,5,90.0,6,98.0,0,99.0,5,100.0,5,Underlying
495,49600,94.0,1,93.0,3,92.0,5,100.0,2,101.0,5,102.0,9,Put
495,49600,95.0,2,94.0,5,93.0,9,99.0,1,100.0,4,101.0,5,Underlying
495,49600,50.0,2,49.0,4,48.0,10,54.0,1,55.0,2,56.0,9,Call
496,49700,95.0,2,94.0,5,93.0,10,103.0,1,104.0,5,105.0,6,Put
496,49700,95.0,2,94.0,4,93.0,10,103.0,1,104.0,5,105.0,7,Underlying
496,49700,49.0,0,48.0,2,47.0,5,55.0,2,56.0,2,57.0,6,Call
497,49800,94.0,0,93.0,3,92.0,8,100.0,0,101.0,3,102.0,7,Put
497,49800,96.0,2,95.0,5,94.0,8,98.0,1,99.0,5,100.0,7,Underlying
497,49800,51.0,0,50.0,2,49.0,9,57.0,1,58.0,5,59.0,8,Call
498,49900,93.0,0,92.0,5,91.0,8,101.0,0,102.0,3,103.0,7,Put
498,49900,95.0,0,94.0,3,93.0,9,99.0,2,100.0,4,101.0,10,Underlying
498,49900,51.0,2,50.0,5,49.0,5,57.0,0,58.0,5,59.0,10,Call
499,50000,97.0,0,96.0,4,95.0,5,101.0,2,102.0,4,103.0,6,Underlying
499,50000,48.0,2,47.0,5,46.0,5,56.0,0,57.0,5,58.0,9,Call
499,50000,98.0,2,97.0,3,96.0,6,100.0,0,101.0,2,102.0,7,Put
500,50100,47.0,0,46.0,3,45.0,8,53.0,2,54.0,3,55.0,9,Call
500,50100,97.0,0,96.0,4,95.0,5,101.0,2,102.0,3,103.0,10,Put
500,50100,98.0,1,97.0,2,96.0,6,100.0,2,101.0,2,102.0,7,Underlying
501,50200,47.0,0,46.0,3,45.0,6,55.0,1,56.0,4,57.0,6,Call
501,50200,94.0,1,93.0,4,92.0,8,102.0,0,103.0,5,104.0,5,Underlying
501,50200,94.0,1,93.0,3,92.0,8,102.0,0,103.0,3,104.0,6,Put
502,50300,46.0,0,45.0,3,44.0,6,52.0,2,53.0,2,54.0,8,Call
502,50300,97.0,0,96.0,3,95.0,10,99.0,1,100.0,4,101.0,10,Underlying
502,50300,96.0,1,95.0,5,94.0,5,100.0,0,101.0,5,102.0,10,Put
503,50400,92.0,0,91.0,5,90.0,8,100.0,1,101.0,3,102.0,7,Put
503,50400,94.0,1,93.0,2,92.0,9,98.0,0,99.0,4,100.0,10,Underlying
503,50400,51.0,2,50.0,2,49.0,10,55.0,0,56.0,4,57.0,6,Call
504,50500,50.0,1,49.0,3,48.0,10,52.0,2,53.0,3,54.0,5,Call
504,50500,95.0,2,94.0,4,93.0,9,99.0,1,100.0,2,101.0,6,Underlying
504,50500,96.0,2,95.0,5,94.0,5,98.0,2,99.0,4,100.0,9,Put
505,50600,93.0,2,92.0,2,91.0,6,101.0,2,102.0,2,103.0,8,Put
505,50600,49.0,0,48.0,4,47.0,9,55.0,0,56.0,2,57.0,6,Call
505,50600,96.0,1,95.0,5,94.0,5,98.0,0,99.0,3,100.0,10,Underlying
506,50700,54.0,0,53.0,2,52.0,9,58.0,2,59.0,2,60.0,5,Call
506,50700,94.0,1,93.0,5,92.0,9,98.0,2,99.0,5,100.0,10,Put
506,50700,93.0,1,92.0,4,91.0,9,99.0,0,100.0,5,101.0,7,Underlying
507,50800,55.0,0,54.0,3,53.0,9,63.0,1,64.0,5,65.0,8,Call
507,50800,93.0,1,92.0,2,91.0,8,97.0,1,98.0,3,99.0,8,Put
507,50800,94.0,0,93.0,5,92.0,6,96.0,0,97.0,2,98.0,10,Underlying
508,50900,54.0,2,53.0,3,52.0,10,62.0,2,63.0,3,64.0,10,Call
508,50900,94.0,1,93.0,2,92.0,8,102.0,0,103.0,4,104.0,6,Underlying
508,50900,96.0,0,95.0,5,94.0,8,100.0,2,101.0,2,102.0,5,Put
509,51000,95.0,1,94.0,2,93.0,9,97.0,0,98.0,3,99.0,10,Underlying
509,51000,94.0,1,93.0,3,92.0,9,98.0,2,99.0,2,100.0,9,Put
509,51000,56.0,2,55.0,2,54.0,7,62.0,2,63.0,2,64.0,9,Call
510,51100,92.0,0,91.0,3,90.0,9,98.0,2,99.0,5,100.0,9,Underlying
510,51100,94.0,2,93.0,2,92.0,10,96.0,1,97.0,5,98.0,7,Put
510,51100,56.0,1,55.0,2,54.0,10,62.0,1,63.0,3,64.0,10,Call
511,51200,92.0,1,91.0,2,90.0,8,94.0,0,95.0,5,96.0,9,Underlying
511,51200,91.0,2,90.0,3,89.0,5,95.0,1,96.0,2,97.0,5,Put
511,51200,59.0,2,58.0,3,57.0,7,63.0,0,64.0,4,65.0,7,Call
512,51300,88.0,1,87.0,4,86.0,10,96.0,2,97.0,3,98.0,8,Put
512,51300,90.0,2,89.0,5,88.0,10,94.0,1,95.0,3,96.0,7,Underlying
512,51300,63.0,2,62.0,3,61.0,10,65.0,1,66.0,3,67.0,9,Call
513,51400,92.0,1,91.0,3,90.0,8,94.0,2,95.0,5,96.0,9,Underlying
513,51400,92.0,1,91.0,5,90.0,9,94.0,2,95.0,3,96.0,6,Put
513,51400,60.0,2,59.0,2,58.0,9,64.0,1,65.0,3,66.0,8,Call
514,51500,60.0,0,59.0,2,58.0,9,62.0,1,63.0,5,64.0,5,Call
514,51500,90.0,1,89.0,3,88.0,7,96.0,2,97.0,3,98.0,9,Underlying
514,51500,89.0,0,88.0,3,87.0,5,97.0,1,98.0,3,99.0,9,Put
515,51600,92.0,1,91.0,3,90.0,5,98.0,0,99.0,4,100.0,10,Underlying
515,51600,94.0,2,93.0,2,92.0,6,96.0,0,97.0,4,98.0,7,Put
515,51600,56.0,1,55.0,4,54.0,8,60.0,1,61.0,5,62.0,5,Call
516,51700,93.0,1,92.0,4,91.0,9,99.0,0,100.0,4,101.0,5,Underlying
516,51700,95.0,2,94.0,3,93.0,8,97.0,2,98.0,4,99.0,9,Put
516,51700,56.0,1,55.0,2,54.0,6,58.0,0,59.0,5,60.0,9,Call
517,51800,91.0,0,90.0,5,89.0,9,97.0,0,98.0,3,99.0,5,Put
517,51800,93.0,1,92.0,3,91.0,8,95.0,2,96.0,5,97.0,10,Underlying
517,51800,54.0,0,53.0,4,52.0,7,60.0,1,61.0,5,62.0,7,Call
518,51900,91.0,2,90.0,4,89.0,10,99.0,2,100.0,4,101.0,9,Underlying
518,51900,91.0,0,90.0,5,89.0,7,99.0,2,100.0,2,101.0,5,Put
518,51900,55.0,0,54.0,2,53.0,7,61.0,1,62.0,3,63.0,8,Call
519,52000,97.0,2,96.0,4,95.0,8,99.0,1,100.0,4,101.0,8,Underlying
519,52000,97.0,1,96.0,2,95.0,7,99.0,0,100.0,4,101.0,8,Put
519,52000,56.0,1,55.0,3,54.0,7,58.0,2,59.0,4,60.0,5,Call
520,52100,98.0,0,97.0,5,96.0,7,102.0,2,103.0,5,104.0,9,Underlying
520,52100,97.0,2,96.0,2,95.0,9,103.0,2,104.0,2,105.0,5,Put
520,52100,55.0,2,54.0,2,53.0,10,57.0,0,58.0,2,59.0,10,Call
521,52200,98.0,1,97.0,5,96.0,5,104.0,2,105.0,5,106.0,6,Underlying
521,52200,97.0,0,96.0,4,95.0,5,105.0,1,106.0,4,107.0,5,Put
521,52200,55.0,0,54.0,3,53.0,5,57.0,2,58.0,5,59.0,9,Call
522,52300,52.0,0,51.0,3,50.0,9,56.0,1,57.0,3,58.0,8,Call
522,52300,99.0,0,98.0,3,97.0,7,107.0,2,108.0,2,109.0,9,Put
522,52300,99.0,1,98.0,3,97.0,9,107.0,1,108.0,3,109.0,8,Underlying
523,52400,102.0,2,101.0,3,100.0,10,108.0,2,109.0,3,110.0,10,Put
523,52400,53.0,1,52.0,4,51.0,10,55.0,2,56.0,5,57.0,6,Call
523,52400,101.0,0,100.0,2,99.0,8,109.0,2,110.0,4,111.0,10,Underlying
524,52500,51.0,0,50.0,4,49.0,5,53.0,2,54.0,3,55.0,7,Call
524,52500,102.0,1,101.0,4,100.0,10,110.0,2,111.0,5,112.0,9,Put
524,52500,104.0,2,103.0,4,102.0,10,108.0,2,109.0,4,110.0,8,Underlying
525,52600,52.0,0,51.0,3,50.0,7,54.0,2,55.0,4,56.0,7,Call
525,52600,102.0,2,101.0,4,100.0,8,108.0,0,109.0,3,110.0,10,Put
525,52600,101.0,1,100.0,2,99.0,7,109.0,1,110.0,3,111.0,9,Underlying
526,52700,100.0,2,99.0,3,98.0,6,108.0,1,109.0,3,110.0,6,Underlying
526,52700,100.0,2,99.0,4,98.0,8,108.0,1,109.0,5,110.0,7,Put
526,52700,48.0,0,47.0,2,46.0,8,56.0,1,57.0,2,58.0,10,Call
527,52800,103.0,1,102.0,2,101.0,10,107.0,0,108.0,3,109.0,10,Underlying
527,52800,52.0,0,51.0,2,50.0,7,56.0,2,57.0,5,58.0,10,Call
527,52800,103.0,2,102.0,2,101.0,8,107.0,1,108.0,4,109.0,10,Put
528,52900,50.0,1,49.0,4,48.0,8,58.0,0,59.0,4,60.0,6,Call
528,52900,102.0,2,101.0,2,100.0,6,104.0,0,105.0,3,106.0,5,Underlying
528,52900,101.0,1,100.0,5,99.0,6,105.0,1,106.0,2,107.0,7,Put
529,53000,104.0,0,103.0,3,102.0,8,106.0,1,107.0,2,108.0,10,Put
529,53000,49.0,2,48.0,3,47.0,10,57.0,2,58.0,4,59.0,6,Call
529,53000,103.0,0,102.0,4,101.0,5,107.0,1,108.0,2,109.0,8,Underlying
530,53100,103.0,0,102.0,4,101.0,7,107.0,0,108.0,2,109.0,5,Underlying
530,53100,104.0,1,103.0,5,102.0,5,106.0,0,107.0,4,108.0,10,Put
530,53100,49.0,0,48.0,4,47.0,5,57.0,2,58.0,2,59.0,8,Call
531,53200,101.0,2,100.0,3,99.0,10,107.0,0,108.0,2,109.0,7,Underlying
531,53200,101.0,2,100.0,2,99.0,9,107.0,1,108.0,4,109.0,5,Put
531,53200,51.0,2,50.0,2,49.0,7,55.0,0,56.0,5,57.0,8,Call
532,53300,100.0,1,99.0,2,98.0,7,104.0,1,105.0,4,106.0,6,Put
532,53300,52.0,2,51.0,5,50.0,5,58.0,1,59.0,3,60.0,10,Call
532,53300,100.0,0,99.0,4,98.0,7,104.0,1,105.0,2,106.0,9,Underlying
533,53400,98.0,1,97.0,2,96.0,9,106.0,0,107.0,2,108.0,8,Underlying
533,53400,53.0,0,52.0,4,51.0,10,59.0,2,60.0,5,61.0,7,Call
533,53400,99.0,1,98.0,3,97.0,8,105.0,1,106.0,4,107.0,9,Put
534,53500,100.0,1,99.0,4,98.0,6,106.0,0,107.0,3,108.0,7,Underlying
534,53500,56.0,0,55.0,3,54.0,7,58.0,1,59.0,4,60.0,8,Call
534,53500,99.0,1,98.0,3,97.0,10,107.0,0,108.0,4,109.0,6,Put
535,53600,101.0,1,100.0,2,99.0,7,103.0,0,104.0,5,105.0,5,Put
535,53600,99.0,1,98.0,2,97.0,10,105.0,1,106.0,2,107.0,8,Underlying
535,53600,53.0,2,52.0,5,51.0,7,59.0,1,60.0,3,61.0,9,Call
536,53700,98.0,2,97.0,2,96.0,7,104.0,0,105.0,2,106.0,5,Underlying
536,53700,55.0,2,54.0,4,53.0,5,61.0,0,62.0,3,63.0,5,Call
536,53700,99.0,2,98.0,3,97.0,7,103.0,0,104.0,2,105.0,9,Put
537,53800,101.0,1,100.0,3,99.0,5,103.0,0,104.0,5,105.0,7,Put
537,53800,54.0,2,53.0,5,52.0,10,58.0,1,59.0,4,60.0,7,Call
537,53800,99.0,2,98.0,3,97.0,10,105.0,1,106.0,3,107.0,9,Underlying
538,53900,100.0,1,99.0,3,98.0,6,106.0,1,107.0,5,108.0,9,Put
538,53900,52.0,2,51.0,3,50.0,10,56.0,2,57.0,3,58.0,5,Call
538,53900,100.0,2,99.0,2,98.0,6,106.0,2,107.0,4,108.0,5,Underlying
539,54000,50.0,2,49.0,4,48.0,9,58.0,2,59.0,3,60.0,6,Call
539,54000,100.0,1,99.0,3,98.0,7,102.0,1,103.0,3,104.0,5,Underlying
539,54000,97.0,0,96.0,2,95.0,8,105.0,0,106.0,3,107.0,10,Put
540,54100,96.0,1,95.0,2,94.0,5,104.0,0,105.0,5,106.0,5,Put
540,54100,50.0,0,49.0,4,48.0,7,56.0,0,57.0,4,58.0,6,Call
540,54100,96.0,0,95.0,4,94.0,6,104.0,1,105.0,2,106.0,9,Underlying
541,54200,97.0,0,96.0,2,95.0,6,99.0,2,100.0,2,101.0,9,Underlying
541,54200,96.0,1,95.0,4,94.0,6,100.0,1,101.0,2,102.0,7,Put
541,54200,53.0,0,52.0,5,51.0,6,57.0,2,58.0,2,59.0,8,Call
542,54300,100.0,2,99.0,5,98.0,9,102.0,0,103.0,2,104.0,10,Underlying
542,54300,50.0,1,49.0,4,48.0,10,58.0,1,59.0,4,60.0,8,Call
542,54300,97.0,1,96.0,2,95.0,10,105.0,1,106.0,2,107.0,10,Put
543,54400,98.0,0,97.0,2,96.0,5,102.0,0,103.0,3,104.0,5,Underlying
543,54400,98.0,0,97.0,2,96.0,8,102.0,0,103.0,3,104.0,7,Put
543,54400,52.0,1,51.0,4,50.0,6,54.0,0,55.0,2,56.0,6,Call
544,54500,99.0,2,98.0,5,97.0,7,103.0,0,104.0,4,105.0,10,Put
544,54500,49.0,2,48.0,3,47.0,10,53.0,2,54.0,3,55.0,7,Call
544,54500,97.0,2,96.0,2,95.0,8,105.0,2,106.0,2,107.0,7,Underlying
545,54600,99.0,2,98.0,2,97.0,8,101.0,2,102.0,3,103.0,8,Put
545,54600,48.0,1,47.0,4,46.0,5,56.0,1,57.0,3,58.0,9,Call
545,54600,97.0,0,96.0,5,95.0,8,103.0,2,104.0,5,105.0,7,Underlying
546,54700,96.0,1,95.0,2,94.0,5,104.0,2,105.0,2,106.0,6,Underlying
546,54700,49.0,0,48.0,4,47.0,5,53.0,1,54.0,3,55.0,6,Call
