,timestamp,bid_price_1,bid_volume_1,ask_price_1,ask_volume_1,product
0,100,81.0,1,81.0,1,Put
0,100,83.0,1,80.0,1,Call
0,100,81.0,0,78.0,1,Underlying
1,200,81.0,0,81.0,2,Put
1,200,76.0,0,82.0,1,Call
1,200,82.0,1,80.0,0,Underlying
2,300,81.0,0,85.0,0,Put
2,300,78.0,0,77.0,1,Call
2,300,82.0,0,85.0,0,Underlying
3,400,86.0,0,84.0,2,Put
3,400,76.0,0,76.0,0,Call
3,400,84.0,0,83.0,1,Underlying
4,500,74.0,0,76.0,0,Call
4,500,88.0,1,91.0,0,Underlying
4,500,87.0,0,88.0,0,Put
5,600,84.0,2,86.0,1,Underlying
5,600,87.0,0,86.0,0,Put
5,600,77.0,0,76.0,1,Call
6,700,84.0,2,84.0,0,Underlying
6,700,84.0,0,85.0,0,Put
6,700,78.0,1,80.0,2,Call
7,800,84.0,0,82.0,1,Underlying
7,800,84.0,2,84.0,0,Put
7,800,76.0,2,78.0,1,Call
8,900,84.0,1,83.0,2,Underlying
8,900,81.0,2,78.0,0,Call
8,900,87.0,1,83.0,0,Put
9,1000,76.0,0,80.0,1,Call
9,1000,87.0,0,85.0,0,Underlying
9,1000,85.0,2,84.0,0,Put
10,1100,79.0,2,78.0,0,Call
10,1100,83.0,0,82.0,1,Underlying
10,1100,80.0,1,84.0,2,Put
11,1200,81.0,1,81.0,1,Call
11,1200,81.0,1,80.0,2,Underlying
11,1200,83.0,1,79.0,2,Put
12,1300,82.0,0,78.0,2,Underlying
12,1300,81.0,0,84.0,2,Put
12,1300,80.0,2,76.0,2,Call
13,1400,80.0,1,84.0,0,Put
13,1400,76.0,2,82.0,0,Call
13,1400,82.0,2,81.0,2,Underlying
14,1500,84.0,1,88.0,2,Put
14,1500,76.0,1,76.0,1,Call
14,1500,86.0,0,84.0,2,Underlying
15,1600,88.0,0,82.0,2,Put
15,1600,77.0,2,77.0,2,Call
15,1600,85.0,2,84.0,1,Underlying
16,1700,77.0,1,74.0,1,Call
16,1700,80.0,0,82.0,0,Underlying
16,1700,82.0,2,81.0,2,Put
17,1800,86.0,0,87.0,2,Underlying
17,1800,83.0,2,85.0,0,Put
17,1800,76.0,2,74.0,0,Call
18,1900,86.0,0,84.0,2,Underlying
18,1900,86.0,2,83.0,1,Put
18,1900,73.0,2,76.0,2,Call
19,2000,81.0,1,84.0,2,Underlying
19,2000,84.0,1,83.0,0,Put
19,2000,78.0,1,77.0,2,Call
20,2100,84.0,2,81.0,2,Put
20,2100,78.0,1,78.0,2,Call
20,2100,83.0,0,84.0,0,Underlying
21,2200,82.0,1,77.0,1,Call
21,2200,79.0,2,79.0,1,Underlying
21,2200,82.0,2,79.0,2,Put
22,2300,80.0,0,82.0,0,Call
22,2300,80.0,2,75.0,2,Underlying
22,2300,79.0,0,75.0,0,Put
23,2400,84.0,1,81.0,2,Call
23,2400,78.0,2,80.0,2,Underlying
23,2400,79.0,0,79.0,1,Put
24,2500,83.0,2,80.0,2,Call
24,2500,81.0,2,82.0,1,Put
24,2500,80.0,0,80.0,2,Underlying
25,2600,83.0,0,81.0,2,Put
25,2600,79.0,0,79.0,1,Call
25,2600,84.0,0,80.0,2,Underlying
26,2700,81.0,2,81.0,0,Put
26,2700,81.0,0,76.0,2,Call
26,2700,81.0,2,80.0,0,Underlying
27,2800,78.0,0,81.0,1,Put
27,2800,79.0,1,79.0,1,Call
27,2800,79.0,2,77.0,0,Underlying
28,2900,82.0,0,82.0,2,Call
28,2900,77.0,1,78.0,0,Underlying
28,2900,77.0,2,77.0,2,Put
29,3000,77.0,0,80.0,2,Underlying
29,3000,76.0,2,77.0,1,Put
29,3000,80.0,0,77.0,2,Call
30,3100,74.0,0,76.0,0,Underlying
30,3100,76.0,1,79.0,0,Put
30,3100,77.0,0,82.0,2,Call
31,3200,78.0,0,79.0,0,Underlying
31,3200,77.0,2,74.0,0,Put
31,3200,77.0,2,78.0,0,Call
32,3300,78.0,2,74.0,0,Underlying
32,3300,74.0,1,77.0,1,Call
32,3300,77.0,2,76.0,0,Put
33,3400,79.0,2,80.0,0,Call
33,3400,74.0,0,75.0,2,Underlying
33,3400,76.0,0,79.0,1,Put
34,3500,80.0,2,77.0,2,Call
34,3500,80.0,2,78.0,1,Underlying
34,3500,79.0,0,79.0,2,Put
35,3600,82.0,0,79.0,0,Call
35,3600,78.0,0,80.0,1,Underlying
35,3600,79.0,2,77.0,2,Put
36,3700,77.0,1,75.0,2,Underlying
36,3700,74.0,2,77.0,1,Put
36,3700,80.0,2,83.0,2,Call
37,3800,82.0,0,81.0,1,Put
37,3800,82.0,2,78.0,1,Call
37,3800,80.0,0,82.0,1,Underlying
38,3900,78.0,1,81.0,1,Put
38,3900,76.0,0,80.0,0,Call
38,3900,79.0,2,80.0,2,Underlying
39,4000,76.0,0,80.0,1,Put
39,4000,83.0,1,78.0,2,Call
39,4000,78.0,1,78.0,0,Underlying
40,4100,83.0,1,78.0,2,Put
40,4100,81.0,1,81.0,0,Underlying
40,4100,84.0,0,80.0,2,Call
41,4200,84.0,2,81.0,0,Underlying
41,4200,82.0,2,80.0,1,Put
41,4200,82.0,2,86.0,2,Call
42,4300,84.0,0,81.0,1,Underlying
42,4300,83.0,1,83.0,0,Put
42,4300,85.0,2,82.0,1,Call
43,4400,83.0,0,83.0,2,Underlying
43,4400,81.0,1,85.0,1,Put
43,4400,79.0,1,82.0,0,Call
44,4500,80.0,0,83.0,0,Put
44,4500,85.0,1,82.0,1,Call
44,4500,78.0,2,82.0,1,Underlying
45,4600,83.0,1,81.0,1,Call
45,4600,80.0,2,78.0,1,Underlying
45,4600,79.0,0,81.0,1,Put
46,4700,84.0,1,84.0,0,Call
46,4700,79.0,1,79.0,1,Underlying
46,4700,81.0,2,80.0,2,Put
47,4800,78.0,1,80.0,1,Call
47,4800,79.0,1,83.0,0,Underlying
47,4800,82.0,0,80.0,1,Put
48,4900,78.0,1,81.0,2,Underlying
48,4900,83.0,1,79.0,0,Put
48,4900,81.0,0,79.0,2,Call
49,5000,81.0,0,79.0,0,Put
49,5000,82.0,1,83.0,2,Call
49,5000,77.0,1,79.0,2,Underlying
50,5100,77.0,2,75.0,1,Put
50,5100,84.0,0,86.0,2,Call
50,5100,78.0,1,78.0,1,Underlying
51,5200,76.0,0,79.0,0,Put
51,5200,86.0,1,86.0,2,Call
51,5200,76.0,0,76.0,1,Underlying
52,5300,86.0,1,90.0,0,Call
52,5300,70.0,1,75.0,2,Underlying
52,5300,75.0,2,72.0,0,Put
53,5400,73.0,1,75.0,2,Underlying
53,5400,74.0,1,73.0,1,Put
53,5400,93.0,0,89.0,1,Call
54,5500,69.0,1,71.0,0,Underlying
54,5500,71.0,1,71.0,2,Put
54,5500,94.0,0,93.0,1,Call
55,5600,70.0,1,67.0,0,Underlying
55,5600,71.0,2,68.0,2,Put
55,5600,96.0,0,92.0,0,Call
56,5700,71.0,2,66.0,2,Underlying
56,5700,93.0,2,94.0,1,Call
56,5700,67.0,1,69.0,0,Put
57,5800,93.0,2,96.0,1,Call
57,5800,69.0,0,70.0,1,Underlying
57,5800,70.0,1,68.0,1,Put
58,5900,94.0,0,92.0,2,Call
58,5900,71.0,2,72.0,0,Underlying
58,5900,74.0,1,69.0,0,Put
59,6000,95.0,2,91.0,1,Call
59,6000,78.0,1,75.0,1,Underlying
59,6000,72.0,2,78.0,1,Put
60,6100,73.0,1,75.0,2,Underlying
60,6100,74.0,0,74.0,2,Put
60,6100,96.0,2,94.0,2,Call
61,6200,74.0,2,73.0,1,Put
61,6200,95.0,0,97.0,1,Call
61,6200,74.0,1,73.0,2,Underlying
62,6300,71.0,2,74.0,0,Put
62,6300,98.0,0,98.0,1,Call
62,6300,74.0,1,74.0,2,Underlying
63,6400,97.0,2,97.0,2,Call
63,6400,78.0,0,73.0,2,Underlying
63,6400,73.0,2,74.0,2,Put
64,6500,76.0,2,77.0,1,Underlying
64,6500,77.0,1,77.0,2,Put
64,6500,100.0,0,96.0,0,Call
65,6600,76.0,0,76.0,1,Underlying
65,6600,77.0,0,76.0,1,Put
65,6600,98.0,1,98.0,1,Call
66,6700,73.0,1,73.0,2,Underlying
66,6700,74.0,2,71.0,1,Put
66,6700,100.0,2,103.0,1,Call
67,6800,73.0,1,79.0,0,Put
67,6800,98.0,1,100.0,0,Call
67,6800,75.0,1,76.0,0,Underlying
68,6900,98.0,0,97.0,0,Call
68,6900,77.0,1,76.0,1,Underlying
68,6900,76.0,0,77.0,2,Put
69,7000,97.0,0,97.0,2,Call
69,7000,79.0,1,77.0,2,Underlying
69,7000,79.0,1,74.0,1,Put
70,7100,96.0,2,94.0,2,Call
70,7100,78.0,2,74.0,2,Underlying
70,7100,77.0,1,74.0,1,Put
71,7200,96.0,1,93.0,1,Call
71,7200,76.0,2,76.0,2,Put
71,7200,80.0,1,74.0,2,Underlying
72,7300,80.0,0,80.0,2,Put
72,7300,91.0,1,89.0,0,Call
72,7300,82.0,0,81.0,1,Underlying
73,7400,83.0,1,82.0,0,Put
73,7400,89.0,2,93.0,1,Call
73,7400,82.0,0,82.0,1,Underlying
74,7500,81.0,2,82.0,0,Put
74,7500,89.0,0,89.0,2,Call
74,7500,79.0,1,84.0,2,Underlying
75,7600,86.0,1,87.0,0,Call
75,7600,81.0,2,81.0,1,Underlying
75,7600,81.0,1,80.0,2,Put
76,7700,83.0,0,79.0,1,Underlying
76,7700,80.0,2,85.0,1,Put
76,7700,86.0,0,87.0,0,Call
77,7800,78.0,0,79.0,0,Underlying
77,7800,78.0,1,81.0,0,Put
77,7800,87.0,0,83.0,1,Call
78,7900,81.0,1,78.0,2,Underlying
78,7900,81.0,0,78.0,1,Put
78,7900,82.0,0,81.0,0,Call
79,8000,82.0,0,79.0,2,Put
79,8000,82.0,0,82.0,0,Call
79,8000,81.0,1,82.0,2,Underlying
80,8100,77.0,1,82.0,2,Call
80,8100,81.0,2,80.0,0,Underlying
80,8100,82.0,0,81.0,2,Put
81,8200,83.0,2,79.0,1,Call
81,8200,81.0,0,82.0,1,Underlying
81,8200,82.0,2,82.0,0,Put
82,8300,80.0,1,80.0,1,Call
82,8300,81.0,0,83.0,0,Underlying
82,8300,82.0,1,82.0,2,Put
83,8400,84.0,2,86.0,2,Underlying
83,8400,83.0,2,87.0,2,Put
83,8400,81.0,1,77.0,0,Call
84,8500,86.0,2,85.0,2,Put
84,8500,75.0,0,76.0,1,Call
84,8500,89.0,1,85.0,2,Underlying
85,8600,87.0,1,86.0,2,Put
85,8600,76.0,2,74.0,1,Call
85,8600,87.0,1,88.0,0,Underlying
86,8700,87.0,1,83.0,1,Put
86,8700,79.0,0,75.0,2,Call
86,8700,84.0,0,86.0,0,Underlying
87,8800,83.0,0,83.0,0,Put
87,8800,85.0,0,85.0,0,Underlying
87,8800,75.0,1,79.0,0,Call
88,8900,86.0,2,87.0,2,Underlying
88,8900,86.0,1,87.0,0,Put
88,8900,73.0,0,76.0,1,Call
89,9000,88.0,0,84.0,0,Underlying
89,9000,87.0,0,86.0,0,Put
89,9000,72.0,1,73.0,1,Call
90,9100,86.0,2,83.0,1,Underlying
90,9100,84.0,2,86.0,2,Put
90,9100,74.0,0,73.0,2,Call
91,9200,82.0,2,84.0,1,Put
91,9200,71.0,1,77.0,2,Call
91,9200,84.0,2,80.0,1,Underlying
92,9300,75.0,1,71.0,1,Call
92,9300,90.0,0,86.0,0,Underlying
92,9300,84.0,1,90.0,0,Put
93,9400,80.0,1,76.0,0,Call
93,9400,86.0,0,85.0,2,Underlying
93,9400,86.0,2,86.0,2,Put
94,9500,74.0,0,76.0,0,Call
94,9500,90.0,2,87.0,0,Put
94,9500,88.0,1,87.0,0,Underlying
95,9600,90.0,2,92.0,1,Put
95,9600,74.0,0,74.0,0,Call
95,9600,92.0,2,88.0,2,Underlying
96,9700,87.0,1,87.0,2,Put
96,9700,73.0,1,73.0,2,Call
96,9700,88.0,2,85.0,2,Underlying
97,9800,87.0,2,85.0,1,Put
97,9800,74.0,0,76.0,1,Call
97,9800,85.0,1,84.0,2,Underlying
98,9900,74.0,2,72.0,1,Call
98,9900,84.0,2,87.0,1,Underlying
98,9900,87.0,1,84.0,2,Put
99,10000,85.0,0,87.0,0,Underlying
99,10000,83.0,2,86.0,1,Put
99,10000,72.0,2,71.0,1,Call
100,10100,86.0,2,84.0,1,Underlying
100,10100,84.0,0,86.0,2,Put
100,10100,68.0,2,74.0,0,Call
101,10200,86.0,2,91.0,0,Underlying
101,10200,86.0,2,91.0,1,Put
101,10200,70.0,0,71.0,1,Call
102,10300,90.0,2,92.0,1,Underlying
102,10300,74.0,0,69.0,0,Call
102,10300,90.0,2,93.0,2,Put
103,10400,72.0,0,69.0,2,Call
103,10400,92.0,1,91.0,1,Underlying
103,10400,92.0,1,90.0,2,Put
104,10500,66.0,0,70.0,0,Call
104,10500,95.0,0,94.0,2,Underlying
104,10500,93.0,1,92.0,1,Put
105,10600,64.0,1,65.0,0,Call
105,10600,95.0,1,96.0,1,Underlying
105,10600,92.0,1,95.0,0,Put
106,10700,92.0,1,96.0,1,Underlying
106,10700,92.0,2,96.0,1,Put
106,10700,65.0,1,66.0,0,Call
107,10800,97.0,1,100.0,2,Put
107,10800,65.0,0,63.0,0,Call
107,10800,97.0,2,94.0,2,Underlying
108,10900,96.0,1,99.0,2,Put
108,10900,62.0,0,63.0,0,Call
108,10900,100.0,0,98.0,1,Underlying
109,11000,99.0,1,101.0,2,Put
109,11000,63.0,0,58.0,1,Call
109,11000,98.0,1,100.0,2,Underlying
110,11100,63.0,1,63.0,0,Call
110,11100,98.0,1,97.0,0,Underlying
110,11100,96.0,2,100.0,2,Put
111,11200,96.0,0,96.0,1,Underlying
111,11200,93.0,1,99.0,2,Put
111,11200,59.0,2,62.0,1,Call
112,11300,98.0,1,96.0,1,Underlying
112,11300,99.0,0,97.0,2,Put
112,11300,60.0,2,59.0,2,Call
113,11400,97.0,0,95.0,0,Underlying
113,11400,96.0,1,98.0,2,Put
113,11400,62.0,2,60.0,0,Call
114,11500,97.0,2,97.0,1,Put
114,11500,62.0,1,61.0,0,Call
114,11500,98.0,2,94.0,1,Underlying
115,11600,62.0,2,61.0,0,Call
115,11600,98.0,2,98.0,0,Underlying
115,11600,97.0,2,98.0,2,Put
116,11700,59.0,0,60.0,1,Call
116,11700,95.0,2,99.0,0,Underlying
116,11700,100.0,1,96.0,2,Put
117,11800,62.0,1,62.0,2,Call
117,11800,100.0,0,96.0,1,Underlying
117,11800,96.0,2,97.0,0,Put
118,11900,61.0,0,64.0,2,Call
118,11900,99.0,0,96.0,2,Put
118,11900,99.0,0,95.0,2,Underlying
119,12000,96.0,2,99.0,0,Put
119,12000,63.0,2,59.0,2,Call
119,12000,97.0,2,99.0,0,Underlying
120,12100,99.0,1,98.0,2,Put
120,12100,63.0,0,63.0,2,Call
120,12100,98.0,0,96.0,0,Underlying
121,12200,97.0,2,97.0,1,Put
121,12200,63.0,2,59.0,2,Call
121,12200,99.0,0,98.0,0,Underlying
122,12300,65.0,2,64.0,1,Call
122,12300,96.0,0,98.0,1,Underlying
122,12300,96.0,2,93.0,1,Put
123,12400,99.0,0,99.0,2,Underlying
123,12400,97.0,0,100.0,2,Put
123,12400,60.0,1,65.0,2,Call
124,12500,102.0,1,96.0,2,Underlying
124,12500,102.0,1,97.0,1,Put
124,12500,59.0,1,60.0,2,Call
125,12600,96.0,1,98.0,1,Underlying
125,12600,58.0,1,64.0,0,Call
125,12600,97.0,0,95.0,0,Put
126,12700,61.0,1,61.0,1,Call
126,12700,99.0,2,103.0,1,Underlying
126,12700,102.0,0,99.0,2,Put
127,12800,60.0,0,56.0,0,Call
127,12800,101.0,2,99.0,2,Underlying
127,12800,100.0,2,103.0,2,Put
128,12900,57.0,0,62.0,2,Call
128,12900,95.0,1,99.0,1,Underlying
128,12900,99.0,1,98.0,1,Put
129,13000,101.0,0,101.0,1,Underlying
129,13000,102.0,0,101.0,1,Put
129,13000,58.0,2,61.0,0,Call
130,13100,104.0,2,101.0,2,Put
130,13100,62.0,2,57.0,1,Call
130,13100,101.0,0,102.0,1,Underlying
131,13200,99.0,0,98.0,0,Put
131,13200,59.0,0,62.0,1,Call
131,13200,97.0,2,101.0,1,Underlying
132,13300,105.0,2,101.0,2,Put
132,13300,61.0,2,57.0,1,Call
132,13300,102.0,1,102.0,0,Underlying
133,13400,101.0,2,99.0,0,Put
133,13400,98.0,2,100.0,0,Underlying
133,13400,62.0,1,59.0,0,Call
134,13500,98.0,2,95.0,0,Underlying
134,13500,99.0,2,96.0,0,Put
134,13500,60.0,1,64.0,1,Call
135,13600,98.0,2,101.0,2,Underlying
135,13600,99.0,1,97.0,2,Put
135,13600,66.0,0,63.0,0,Call
136,13700,100.0,0,101.0,1,Underlying
136,13700,99.0,0,99.0,2,Put
136,13700,67.0,2,62.0,1,Call
137,13800,101.0,0,98.0,0,Put
137,13800,67.0,2,64.0,2,Call
137,13800,99.0,1,100.0,1,Underlying
138,13900,65.0,2,63.0,2,Call
138,13900,105.0,2,99.0,1,Underlying
138,13900,102.0,0,103.0,2,Put
139,14000,67.0,2,63.0,2,Call
139,14000,103.0,2,101.0,2,Underlying
139,14000,104.0,0,99.0,1,Put
140,14100,60.0,0,63.0,0,Call
140,14100,103.0,1,104.0,1,Underlying
140,14100,102.0,0,102.0,0,Put
141,14200,102.0,2,102.0,0,Underlying
141,14200,100.0,0,103.0,0,Put
141,14200,60.0,2,63.0,2,Call
142,14300,99.0,2,104.0,0,Put
142,14300,64.0,1,61.0,0,Call
142,14300,105.0,2,101.0,0,Underlying
143,14400,100.0,2,104.0,0,Put
143,14400,60.0,2,62.0,2,Call
143,14400,101.0,0,105.0,2,Underlying
144,14500,102.0,1,102.0,2,Put
144,14500,58.0,0,58.0,1,Call
144,14500,100.0,2,105.0,1,Underlying
145,14600,62.0,0,63.0,0,Call
145,14600,100.0,0,100.0,0,Underlying
145,14600,102.0,1,103.0,1,Put
146,14700,102.0,2,98.0,1,Underlying
146,14700,98.0,2,103.0,1,Put
146,14700,60.0,1,59.0,0,Call
147,14800,103.0,1,101.0,2,Underlying
147,14800,102.0,0,103.0,1,Put
147,14800,57.0,2,62.0,0,Call
148,14900,102.0,2,108.0,2,Underlying
148,14900,106.0,2,103.0,2,Put
148,14900,59.0,1,57.0,1,Call
149,15000,105.0,2,108.0,1,Underlying
149,15000,56.0,0,57.0,0,Call
149,15000,108.0,0,105.0,2,Put
150,15100,57.0,2,56.0,1,Call
150,15100,108.0,0,108.0,1,Underlying
150,15100,108.0,2,107.0,2,Put
151,15200,58.0,2,55.0,2,Call
151,15200,108.0,2,106.0,0,Underlying
151,15200,107.0,0,107.0,0,Put
152,15300,57.0,0,55.0,1,Call
152,15300,111.0,0,108.0,0,Underlying
152,15300,110.0,2,110.0,1,Put
153,15400,108.0,1,109.0,2,Underlying
153,15400,109.0,0,108.0,1,Put
153,15400,58.0,2,52.0,1,Call
154,15500,107.0,1,107.0,2,Put
154,15500,55.0,0,55.0,0,Call
154,15500,107.0,0,109.0,2,Underlying
155,15600,114.0,2,111.0,1,Put
155,15600,52.0,2,52.0,1,Call
155,15600,110.0,0,109.0,1,Underlying
156,15700,113.0,0,108.0,1,Put
156,15700,50.0,1,53.0,1,Call
156,15700,110.0,0,111.0,0,Underlying
157,15800,110.0,2,107.0,2,Put
157,15800,108.0,0,109.0,2,Underlying
157,15800,53.0,2,49.0,2,Call
158,15900,106.0,2,109.0,2,Underlying
158,15900,109.0,0,109.0,1,Put
158,15900,52.0,2,50.0,1,Call
159,16000,107.0,1,108.0,0,Underlying
159,16000,106.0,1,111.0,0,Put
159,16000,54.0,2,50.0,1,Call
160,16100,112.0,1,113.0,1,Underlying
160,16100,112.0,1,115.0,0,Put
160,16100,51.0,1,53.0,2,Call
161,16200,114.0,1,108.0,1,Put
161,16200,50.0,1,52.0,0,Call
161,16200,112.0,2,111.0,0,Underlying
162,16300,54.0,0,48.0,0,Call
162,16300,108.0,0,111.0,2,Underlying
162,16300,110.0,0,111.0,0,Put
163,16400,53.0,0,51.0,0,Call
163,16400,105.0,2,108.0,0,Underlying
163,16400,109.0,0,108.0,0,Put
164,16500,52.0,0,54.0,2,Call
164,16500,108.0,0,113.0,1,Underlying
164,16500,109.0,1,113.0,1,Put
165,16600,49.0,2,52.0,1,Call
165,16600,112.0,2,113.0,2,Put
165,16600,114.0,0,114.0,2,Underlying
166,16700,111.0,1,116.0,1,Put
166,16700,48.0,2,49.0,1,Call
166,16700,113.0,0,115.0,0,Underlying
167,16800,112.0,2,112.0,0,Put
167,16800,52.0,2,50.0,0,Call
167,16800,111.0,1,114.0,0,Underlying
168,16900,112.0,2,111.0,0,Put
168,16900,51.0,0,52.0,0,Call
168,16900,113.0,1,109.0,0,Underlying
169,17000,50.0,1,49.0,1,Call
169,17000,110.0,2,111.0,2,Underlying
169,17000,110.0,1,109.0,1,Put
170,17100,111.0,2,109.0,1,Underlying
170,17100,112.0,0,109.0,2,Put
170,17100,47.0,0,50.0,0,Call
171,17200,107.0,1,104.0,1,Underlying
171,17200,109.0,1,108.0,1,Put
171,17200,48.0,1,52.0,2,Call
172,17300,111.0,1,109.0,0,Underlying
172,17300,108.0,2,110.0,0,Put
172,17300,48.0,2,52.0,2,Call
173,17400,109.0,2,108.0,0,Put
173,17400,52.0,0,48.0,0,Call
173,17400,108.0,0,109.0,1,Underlying
174,17500,49.0,2,52.0,1,Call
174,17500,111.0,0,107.0,2,Underlying
174,17500,107.0,0,110.0,0,Put
175,17600,49.0,2,49.0,1,Call
175,17600,111.0,0,114.0,1,Underlying
175,17600,113.0,2,111.0,1,Put
176,17700,46.0,0,49.0,2,Call
176,17700,108.0,0,110.0,2,Underlying
176,17700,112.0,2,107.0,2,Put
177,17800,108.0,1,106.0,1,Underlying
177,17800,106.0,2,107.0,2,Put
177,17800,51.0,1,47.0,0,Call
178,17900,110.0,2,107.0,1,Put
178,17900,50.0,0,46.0,2,Call
178,17900,107.0,1,107.0,0,Underlying
179,18000,107.0,1,110.0,0,Put
179,18000,46.0,1,44.0,2,Call
179,18000,108.0,0,113.0,0,Underlying
180,18100,108.0,0,108.0,1,Put
180,18100,47.0,0,48.0,2,Call
180,18100,109.0,1,108.0,1,Underlying
181,18200,104.0,1,110.0,2,Put
181,18200,109.0,2,108.0,0,Underlying
181,18200,51.0,2,46.0,2,Call
182,18300,108.0,0,105.0,2,Underlying
182,18300,106.0,1,106.0,1,Put
182,18300,46.0,1,47.0,2,Call
183,18400,105.0,1,108.0,0,Underlying
183,18400,105.0,1,105.0,0,Put
183,18400,48.0,0,49.0,2,Call
184,18500,106.0,2,102.0,2,Underlying
184,18500,108.0,2,102.0,0,Put
184,18500,50.0,1,50.0,0,Call
185,18600,103.0,2,106.0,1,Put
185,18600,52.0,1,52.0,0,Call
185,18600,103.0,2,104.0,1,Underlying
186,18700,54.0,2,53.0,2,Call
186,18700,104.0,0,103.0,1,Underlying
186,18700,105.0,2,102.0,0,Put
187,18800,55.0,0,56.0,2,Call
187,18800,108.0,1,103.0,2,Underlying
187,18800,102.0,2,108.0,1,Put
188,18900,105.0,2,105.0,2,Underlying
188,18900,108.0,2,107.0,0,Put
188,18900,50.0,2,54.0,0,Call
189,19000,107.0,1,108.0,1,Put
189,19000,54.0,0,51.0,2,Call
189,19000,104.0,2,110.0,2,Underlying
190,19100,105.0,1,111.0,1,Put
190,19100,50.0,1,54.0,1,Call
190,19100,108.0,1,109.0,2,Underlying
191,19200,108.0,1,105.0,0,Put
191,19200,52.0,1,54.0,0,Call
191,19200,106.0,0,107.0,0,Underlying
192,19300,52.0,2,53.0,1,Call
192,19300,107.0,0,106.0,2,Underlying
192,19300,109.0,1,106.0,0,Put
193,19400,110.0,1,109.0,1,Underlying
193,19400,109.0,0,109.0,1,Put
193,19400,52.0,0,52.0,1,Call
194,19500,110.0,2,107.0,0,Underlying
194,19500,107.0,0,106.0,2,Put
194,19500,55.0,0,54.0,1,Call
195,19600,108.0,0,109.0,1,Underlying
195,19600,108.0,2,109.0,0,Put
195,19600,56.0,2,52.0,1,Call
196,19700,108.0,2,112.0,1,Underlying
196,19700,53.0,0,53.0,2,Call
196,19700,110.0,0,110.0,1,Put
197,19800,55.0,0,54.0,0,Call
197,19800,109.0,1,107.0,2,Underlying
197,19800,106.0,1,109.0,2,Put
198,19900,50.0,0,53.0,0,Call
198,19900,108.0,1,109.0,2,Underlying
198,19900,108.0,1,109.0,2,Put
199,20000,50.0,1,52.0,1,Call
199,20000,109.0,0,109.0,1,Underlying
199,20000,111.0,1,108.0,0,Put
200,20100,112.0,2,110.0,1,Underlying
200,20100,109.0,0,111.0,2,Put
200,20100,52.0,0,54.0,2,Call
201,20200,110.0,2,110.0,2,Put
201,20200,53.0,1,55.0,0,Call
201,20200,113.0,1,108.0,0,Underlying
202,20300,109.0,2,112.0,1,Put
202,20300,57.0,0,52.0,2,Call
202,20300,112.0,2,111.0,0,Underlying
203,20400,108.0,1,112.0,2,Put
203,20400,56.0,1,55.0,0,Call
203,20400,113.0,2,107.0,2,Underlying
204,20500,57.0,2,55.0,1,Call
204,20500,113.0,0,113.0,0,Underlying
204,20500,114.0,1,111.0,2,Put
205,20600,112.0,1,112.0,0,Underlying
205,20600,114.0,2,113.0,1,Put
205,20600,59.0,1,57.0,1,Call
206,20700,106.0,2,109.0,0,Underlying
206,20700,110.0,1,111.0,0,Put
206,20700,60.0,0,57.0,1,Call
207,20800,107.0,2,109.0,2,Underlying
207,20800,108.0,2,104.0,1,Put
207,20800,62.0,2,58.0,0,Call
208,20900,110.0,2,107.0,1,Put
208,20900,58.0,1,61.0,2,Call
208,20900,110.0,2,109.0,2,Underlying
209,21000,58.0,2,61.0,2,Call
209,21000,107.0,1,105.0,2,Underlying
209,21000,108.0,1,106.0,0,Put
210,21100,62.0,1,60.0,0,Call
210,21100,101.0,0,105.0,0,Underlying
210,21100,103.0,2,105.0,1,Put
211,21200,57.0,2,58.0,0,Call
211,21200,106.0,1,106.0,1,Underlying
211,21200,107.0,1,104.0,2,Put
212,21300,58.0,1,56.0,0,Call
212,21300,106.0,0,104.0,2,Put
212,21300,107.0,0,106.0,1,Underlying
213,21400,107.0,2,110.0,2,Put
213,21400,59.0,1,60.0,2,Call
213,21400,110.0,1,106.0,0,Underlying
214,21500,104.0,0,104.0,0,Put
214,21500,60.0,2,57.0,2,Call
214,21500,107.0,0,103.0,1,Underlying
215,21600,101.0,0,103.0,2,Put
215,21600,57.0,1,57.0,2,Call
215,21600,105.0,2,102.0,0,Underlying
216,21700,59.0,1,61.0,2,Call
216,21700,103.0,2,102.0,0,Underlying
216,21700,102.0,1,105.0,1,Put
217,21800,99.0,0,98.0,0,Underlying
217,21800,100.0,0,100.0,2,Put
217,21800,59.0,0,60.0,0,Call
218,21900,98.0,0,101.0,0,Underlying
218,21900,100.0,0,99.0,2,Put
218,21900,60.0,1,61.0,2,Call
219,22000,98.0,1,101.0,0,Underlying
219,22000,61.0,2,64.0,1,Call
219,22000,100.0,0,98.0,2,Put
220,22100,64.0,0,64.0,0,Call
220,22100,95.0,0,101.0,0,Underlying
220,22100,97.0,0,100.0,2,Put
221,22200,68.0,0,63.0,2,Call
221,22200,95.0,2,94.0,0,Underlying
221,22200,97.0,2,95.0,2,Put
222,22300,67.0,0,65.0,0,Call
222,22300,93.0,0,97.0,2,Underlying
222,22300,95.0,2,92.0,2,Put
223,22400,92.0,0,93.0,1,Underlying
223,22400,94.0,0,94.0,2,Put
223,22400,62.0,2,64.0,2,Call
224,22500,92.0,0,95.0,0,Put
224,22500,61.0,1,62.0,1,Call
224,22500,94.0,0,93.0,0,Underlying
225,22600,93.0,1,98.0,2,Put
225,22600,62.0,1,61.0,2,Call
225,22600,96.0,0,94.0,1,Underlying
226,22700,95.0,1,99.0,1,Put
226,22700,60.0,2,60.0,1,Call
226,22700,95.0,2,98.0,2,Underlying
227,22800,97.0,0,102.0,2,Put
227,22800,98.0,1,99.0,2,Underlying
227,22800,61.0,0,61.0,0,Call
228,22900,99.0,2,98.0,0,Underlying
228,22900,98.0,0,96.0,2,Put
228,22900,61.0,0,58.0,1,Call
229,23000,97.0,2,98.0,2,Underlying
229,23000,97.0,2,97.0,0,Put
229,23000,65.0,1,60.0,2,Call
230,23100,96.0,1,94.0,0,Underlying
230,23100,97.0,0,97.0,1,Put
230,23100,60.0,0,58.0,0,Call
231,23200,93.0,2,95.0,1,Put
231,23200,63.0,1,62.0,0,Call
231,23200,93.0,1,93.0,2,Underlying
232,23300,61.0,1,62.0,2,Call
232,23300,93.0,2,94.0,1,Underlying
232,23300,94.0,1,94.0,0,Put
233,23400,57.0,0,63.0,0,Call
233,23400,93.0,2,96.0,2,Underlying
233,23400,95.0,1,92.0,2,Put
234,23500,61.0,0,61.0,2,Call
234,23500,94.0,1,96.0,1,Underlying
234,23500,95.0,0,94.0,0,Put
235,23600,91.0,0,90.0,1,Underlying
235,23600,92.0,1,94.0,2,Put
235,23600,64.0,2,59.0,2,Call
236,23700,92.0,2,88.0,0,Put
236,23700,62.0,1,66.0,2,Call
236,23700,94.0,0,89.0,0,Underlying
237,23800,87.0,1,88.0,1,Put
237,23800,62.0,0,64.0,0,Call
237,23800,89.0,1,90.0,2,Underlying
238,23900,88.0,0,90.0,1,Put
238,23900,67.0,2,65.0,1,Call
238,23900,90.0,2,87.0,2,Underlying
239,24000,65.0,2,69.0,1,Call
239,24000,92.0,1,91.0,0,Underlying
239,24000,93.0,1,91.0,1,Put
240,24100,87.0,0,89.0,0,Underlying
240,24100,86.0,2,90.0,0,Put
240,24100,67.0,1,69.0,2,Call
241,24200,91.0,0,91.0,0,Underlying
241,24200,88.0,2,92.0,2,Put
241,24200,69.0,2,66.0,2,Call
242,24300,92.0,0,90.0,1,Underlying
242,24300,87.0,0,91.0,1,Put
242,24300,65.0,0,64.0,1,Call
243,24400,88.0,0,90.0,2,Underlying
243,24400,68.0,2,69.0,1,Call
243,24400,90.0,1,86.0,0,Put
244,24500,70.0,1,71.0,0,Call
244,24500,93.0,2,88.0,0,Underlying
244,24500,87.0,1,92.0,0,Put
245,24600,70.0,2,69.0,1,Call
245,24600,94.0,0,90.0,0,Underlying
245,24600,89.0,2,94.0,1,Put
246,24700,71.0,0,72.0,2,Call
246,24700,88.0,1,90.0,2,Underlying
246,24700,89.0,0,89.0,2,Put
247,24800,84.0,2,87.0,0,Underlying
247,24800,89.0,0,84.0,1,Put
247,24800,70.0,2,72.0,1,Call
248,24900,89.0,0,85.0,0,Put
248,24900,74.0,0,69.0,2,Call
248,24900,89.0,2,86.0,2,Underlying
249,25000,88.0,0,92.0,0,Put
249,25000,71.0,0,72.0,1,Call
249,25000,89.0,0,89.0,2,Underlying
250,25100,74.0,0,74.0,1,Call
250,25100,90.0,1,89.0,2,Underlying
250,25100,89.0,0,89.0,2,Put
251,25200,92.0,2,90.0,0,Underlying
251,25200,91.0,0,89.0,0,Put
251,25200,72.0,0,71.0,1,Call
252,25300,91.0,0,91.0,0,Underlying
252,25300,90.0,0,88.0,0,Put
252,25300,76.0,0,73.0,2,Call
253,25400,93.0,0,90.0,0,Underlying
253,25400,91.0,1,90.0,2,Put
253,25400,76.0,0,74.0,0,Call
254,25500,92.0,2,93.0,0,Put
254,25500,71.0,1,73.0,1,Call
254,25500,95.0,0,92.0,0,Underlying
255,25600,67.0,2,70.0,2,Call
255,25600,94.0,1,96.0,2,Underlying
255,25600,93.0,2,94.0,1,Put
256,25700,68.0,0,69.0,2,Call
256,25700,96.0,1,96.0,2,Underlying
256,25700,96.0,1,95.0,0,Put
257,25800,73.0,1,70.0,2,Call
257,25800,93.0,2,96.0,2,Underlying
257,25800,95.0,0,92.0,1,Put
258,25900,69.0,1,75.0,2,Call
258,25900,91.0,0,94.0,1,Put
258,25900,90.0,0,94.0,1,Underlying
259,26000,91.0,0,94.0,0,Put
259,26000,75.0,0,71.0,2,Call
259,26000,93.0,0,89.0,2,Underlying
260,26100,89.0,1,90.0,0,Put
260,26100,69.0,2,69.0,2,Call
260,26100,90.0,2,87.0,1,Underlying
261,26200,87.0,1,88.0,2,Put
261,26200,68.0,2,71.0,2,Call
261,26200,86.0,1,91.0,2,Underlying
262,26300,69.0,2,71.0,1,Call
262,26300,89.0,2,92.0,1,Underlying
262,26300,89.0,0,94.0,2,Put
263,26400,95.0,0,91.0,0,Underlying
263,26400,96.0,1,92.0,1,Put
263,26400,68.0,0,70.0,1,Call
264,26500,94.0,2,98.0,0,Underlying
264,26500,99.0,2,95.0,0,Put
264,26500,67.0,1,67.0,0,Call
265,26600,95.0,2,94.0,2,Underlying
265,26600,94.0,1,96.0,2,Put
265,26600,70.0,2,68.0,1,Call
266,26700,91.0,1,94.0,2,Put
266,26700,70.0,2,69.0,2,Call
266,26700,95.0,2,91.0,2,Underlying
267,26800,67.0,1,66.0,0,Call
267,26800,95.0,0,94.0,2,Underlying
267,26800,94.0,2,94.0,1,Put
268,26900,69.0,0,69.0,0,Call
268,26900,96.0,2,93.0,0,Underlying
268,26900,98.0,1,92.0,2,Put
269,27000,70.0,1,68.0,2,Call
269,27000,97.0,1,92.0,0,Underlying
269,27000,95.0,1,92.0,0,Put
270,27100,92.0,0,97.0,0,Underlying
270,27100,96.0,0,92.0,2,Put
270,27100,66.0,2,67.0,2,Call
271,27200,97.0,0,100.0,2,Put
271,27200,69.0,2,66.0,0,Call
271,27200,98.0,2,99.0,2,Underlying
272,27300,98.0,0,94.0,0,Put
272,27300,70.0,0,64.0,0,Call
272,27300,95.0,0,96.0,1,Underlying
273,27400,96.0,1,100.0,0,Put
273,27400,66.0,0,68.0,0,Call
273,27400,96.0,0,97.0,2,Underlying
274,27500,101.0,1,97.0,2,Put
274,27500,100.0,0,100.0,0,Underlying
274,27500,63.0,0,63.0,2,Call
275,27600,98.0,1,98.0,0,Underlying
275,27600,98.0,1,100.0,2,Put
275,27600,63.0,2,59.0,2,Call
276,27700,102.0,2,102.0,2,Underlying
276,27700,100.0,1,103.0,0,Put
276,27700,60.0,1,62.0,1,Call
277,27800,99.0,0,99.0,1,Underlying
277,27800,99.0,1,99.0,2,Put
277,27800,63.0,2,64.0,0,Call
278,27900,100.0,1,98.0,0,Put
278,27900,62.0,1,66.0,2,Call
278,27900,97.0,1,96.0,0,Underlying
279,28000,60.0,0,63.0,2,Call
279,28000,99.0,2,102.0,2,Underlying
279,28000,98.0,1,100.0,1,Put
280,28100,56.0,0,60.0,2,Call
280,28100,102.0,1,101.0,2,Underlying
280,28100,98.0,2,104.0,2,Put
281,28200,57.0,0,60.0,0,Call
281,28200,101.0,0,102.0,0,Underlying
281,28200,100.0,0,104.0,2,Put
282,28300,61.0,1,60.0,0,Call
282,28300,102.0,1,101.0,2,Put
282,28300,101.0,2,101.0,2,Underlying
283,28400,103.0,2,103.0,2,Put
283,28400,64.0,0,63.0,1,Call
283,28400,101.0,0,102.0,2,Underlying
284,28500,100.0,0,102.0,1,Put
284,28500,61.0,2,61.0,2,Call
284,28500,101.0,0,102.0,0,Underlying
285,28600,101.0,1,102.0,2,Put
285,28600,60.0,0,64.0,2,Call
285,28600,102.0,2,100.0,1,Underlying
286,28700,67.0,2,64.0,1,Call
286,28700,97.0,1,100.0,0,Underlying
286,28700,103.0,0,97.0,1,Put
287,28800,101.0,2,100.0,1,Underlying
287,28800,100.0,2,101.0,2,Put
287,28800,63.0,0,62.0,2,Call
288,28900,99.0,2,99.0,2,Underlying
288,28900,97.0,1,100.0,1,Put
288,28900,65.0,1,65.0,0,Call
289,29000,94.0,0,99.0,2,Underlying
289,29000,95.0,0,97.0,2,Put
289,29000,67.0,1,65.0,2,Call
290,29100,98.0,1,99.0,1,Underlying
290,29100,68.0,0,66.0,0,Call
290,29100,100.0,0,98.0,1,Put
291,29200,63.0,0,68.0,1,Call
291,29200,98.0,1,98.0,2,Underlying
291,29200,97.0,1,101.0,0,Put
292,29300,70.0,1,64.0,0,Call
292,29300,95.0,2,96.0,1,Underlying
292,29300,99.0,0,94.0,1,Put
293,29400,66.0,0,69.0,0,Call
293,29400,96.0,1,92.0,0,Underlying
293,29400,95.0,2,97.0,1,Put
294,29500,94.0,1,93.0,2,Underlying
294,29500,93.0,2,93.0,0,Put
294,29500,66.0,0,63.0,2,Call
295,29600,89.0,0,90.0,2,Put
295,29600,65.0,1,68.0,2,Call
295,29600,92.0,0,88.0,1,Underlying
296,29700,89.0,1,94.0,0,Put
296,29700,66.0,1,68.0,1,Call
296,29700,94.0,2,92.0,1,Underlying
297,29800,88.0,0,90.0,1,Put
297,29800,71.0,0,67.0,1,Call
297,29800,91.0,2,88.0,2,Underlying
298,29900,70.0,1,70.0,2,Call
298,29900,87.0,2,89.0,1,Underlying
298,29900,88.0,2,87.0,0,Put
299,30000,85.0,2,87.0,0,Underlying
299,30000,86.0,0,86.0,1,Put
299,30000,74.0,2,72.0,2,Call
300,30100,84.0,1,86.0,1,Underlying
300,30100,83.0,2,87.0,0,Put
300,30100,73.0,0,72.0,2,Call
301,30200,86.0,2,91.0,0,Underlying
301,30200,86.0,1,88.0,2,Put
301,30200,73.0,2,72.0,0,Call
302,30300,85.0,1,87.0,2,Put
302,30300,73.0,2,74.0,2,Call
302,30300,87.0,1,90.0,2,Underlying
303,30400,75.0,0,73.0,1,Call
303,30400,86.0,2,86.0,0,Underlying
303,30400,88.0,1,87.0,2,Put
304,30500,73.0,2,72.0,2,Call
304,30500,87.0,0,88.0,0,Underlying
304,30500,88.0,0,89.0,1,Put
305,30600,74.0,1,73.0,2,Call
305,30600,87.0,1,88.0,0,Underlying
305,30600,86.0,0,90.0,1,Put
306,30700,71.0,2,70.0,0,Call
306,30700,91.0,0,91.0,1,Put
306,30700,89.0,0,93.0,1,Underlying
307,30800,91.0,1,91.0,0,Put
307,30800,69.0,1,72.0,1,Call
307,30800,90.0,1,91.0,0,Underlying
308,30900,88.0,2,87.0,0,Put
308,30900,71.0,2,72.0,0,Call
308,30900,86.0,0,89.0,0,Underlying
309,31000,88.0,1,89.0,1,Put
309,31000,69.0,1,70.0,0,Call
309,31000,89.0,0,89.0,0,Underlying
310,31100,70.0,1,67.0,1,Call
310,31100,93.0,1,91.0,1,Underlying
310,31100,88.0,1,91.0,2,Put
311,31200,91.0,1,90.0,0,Underlying
311,31200,92.0,0,88.0,2,Put
311,31200,70.0,1,69.0,0,Call
312,31300,91.0,1,90.0,2,Underlying
312,31300,89.0,2,91.0,0,Put
312,31300,71.0,0,68.0,0,Call
313,31400,92.0,0,90.0,0,Put
313,31400,70.0,1,71.0,1,Call
313,31400,91.0,0,89.0,0,Underlying
314,31500,71.0,0,68.0,1,Call
314,31500,91.0,1,90.0,2,Underlying
314,31500,90.0,2,90.0,0,Put
315,31600,69.0,2,70.0,2,Call
315,31600,92.0,1,90.0,2,Underlying
315,31600,90.0,2,90.0,2,Put
316,31700,74.0,2,72.0,0,Call
316,31700,89.0,0,86.0,1,Underlying
316,31700,88.0,1,88.0,2,Put
317,31800,86.0,1,88.0,1,Underlying
317,31800,90.0,2,85.0,0,Put
317,31800,71.0,0,67.0,1,Call
318,31900,85.0,1,85.0,2,Put
318,31900,71.0,0,76.0,2,Call
318,31900,83.0,0,86.0,1,Underlying
319,32000,86.0,1,85.0,1,Put
319,32000,70.0,2,71.0,0,Call
319,32000,89.0,0,87.0,2,Underlying
320,32100,84.0,1,87.0,1,Put
320,32100,72.0,0,72.0,1,Call
320,32100,88.0,0,86.0,2,Underlying
321,32200,90.0,1,85.0,1,Put
321,32200,89.0,2,87.0,1,Underlying
321,32200,73.0,1,74.0,1,Call
322,32300,91.0,1,90.0,1,Underlying
322,32300,86.0,2,89.0,0,Put
322,32300,68.0,0,74.0,1,Call
323,32400,90.0,0,87.0,1,Underlying
323,32400,91.0,0,88.0,2,Put
323,32400,69.0,2,71.0,2,Call
324,32500,89.0,1,89.0,2,Underlying
324,32500,89.0,1,92.0,0,Put
324,32500,70.0,1,71.0,2,Call
325,32600,95.0,2,90.0,1,Put
325,32600,69.0,1,72.0,1,Call
325,32600,92.0,0,90.0,2,Underlying
326,32700,67.0,1,69.0,0,Call
326,32700,95.0,1,90.0,1,Underlying
326,32700,92.0,1,92.0,0,Put
327,32800,73.0,1,71.0,1,Call
327,32800,90.0,2,93.0,1,Underlying
327,32800,89.0,2,91.0,0,Put
328,32900,73.0,1,74.0,1,Call
328,32900,90.0,1,91.0,1,Underlying
328,32900,88.0,0,91.0,0,Put
329,33000,90.0,2,86.0,0,Underlying
329,33000,90.0,1,86.0,2,Put
329,33000,72.0,2,77.0,0,Call
330,33100,85.0,2,88.0,0,Put
330,33100,75.0,1,75.0,1,Call
330,33100,87.0,2,85.0,2,Underlying
331,33200,82.0,2,82.0,1,Put
331,33200,76.0,1,76.0,1,Call
331,33200,82.0,2,82.0,2,Underlying
332,33300,82.0,0,81.0,1,Put
332,33300,77.0,0,75.0,1,Call
332,33300,83.0,2,78.0,2,Underlying
333,33400,73.0,0,79.0,0,Call
333,33400,85.0,1,80.0,0,Underlying
333,33400,83.0,2,81.0,2,Put
334,33500,82.0,0,82.0,2,Underlying
334,33500,85.0,1,80.0,1,Put
334,33500,73.0,1,75.0,0,Call
335,33600,82.0,1,80.0,2,Underlying
335,33600,81.0,2,80.0,0,Put
335,33600,75.0,0,76.0,2,Call
336,33700,78.0,0,83.0,0,Underlying
336,33700,81.0,0,84.0,0,Put
336,33700,77.0,1,78.0,2,Call
337,33800,82.0,1,81.0,0,Underlying
337,33800,74.0,2,77.0,0,Call
337,33800,82.0,2,81.0,2,Put
338,33900,77.0,0,77.0,1,Call
338,33900,77.0,2,82.0,2,Underlying
338,33900,78.0,1,83.0,1,Put
339,34000,75.0,1,78.0,2,Call
339,34000,83.0,2,84.0,0,Underlying
339,34000,85.0,2,79.0,0,Put
340,34100,80.0,1,75.0,2,Call
340,34100,79.0,0,83.0,1,Underlying
340,34100,80.0,1,82.0,1,Put
341,34200,83.0,0,83.0,2,Underlying
341,34200,83.0,2,81.0,1,Put
341,34200,78.0,0,81.0,0,Call
342,34300,86.0,1,82.0,2,Put
342,34300,77.0,0,81.0,0,Call
342,34300,85.0,0,85.0,1,Underlying
343,34400,87.0,1,82.0,1,Put
343,34400,77.0,2,79.0,0,Call
343,34400,85.0,1,85.0,0,Underlying
344,34500,87.0,0,87.0,2,Put
344,34500,79.0,0,78.0,2,Call
344,34500,90.0,0,87.0,0,Underlying
345,34600,85.0,2,86.0,0,Put
345,34600,89.0,1,86.0,0,Underlying
345,34600,81.0,2,80.0,2,Call
346,34700,87.0,2,88.0,0,Underlying
346,34700,85.0,1,88.0,2,Put
346,34700,84.0,1,84.0,0,Call
347,34800,85.0,1,85.0,2,Underlying
347,34800,86.0,2,86.0,0,Put
347,34800,85.0,1,86.0,1,Call
348,34900,87.0,0,88.0,2,Underlying
348,34900,88.0,0,86.0,1,Put
348,34900,86.0,1,83.0,2,Call
349,35000,86.0,0,83.0,0,Put
349,35000,84.0,2,80.0,1,Call
349,35000,83.0,1,87.0,2,Underlying
350,35100,81.0,0,80.0,2,Call
350,35100,88.0,2,84.0,0,Underlying
350,35100,85.0,1,86.0,1,Put
351,35200,84.0,2,80.0,1,Call
351,35200,86.0,1,83.0,0,Underlying
351,35200,87.0,0,83.0,2,Put
352,35300,83.0,2,82.0,2,Call
352,35300,84.0,2,86.0,2,Underlying
352,35300,84.0,1,86.0,2,Put
353,35400,86.0,1,87.0,0,Call
353,35400,84.0,1,82.0,0,Put
353,35400,86.0,2,83.0,0,Underlying
354,35500,84.0,1,81.0,2,Put
354,35500,88.0,0,89.0,1,Call
354,35500,84.0,0,79.0,2,Underlying
355,35600,81.0,1,85.0,2,Put
355,35600,86.0,0,87.0,1,Call
355,35600,85.0,2,80.0,2,Underlying
356,35700,81.0,2,86.0,1,Put
356,35700,82.0,0,79.0,1,Call
356,35700,83.0,1,83.0,1,Underlying
357,35800,82.0,2,82.0,1,Call
357,35800,83.0,0,84.0,0,Underlying
357,35800,84.0,2,82.0,0,Put
358,35900,83.0,0,82.0,1,Underlying
358,35900,84.0,1,82.0,2,Put
358,35900,83.0,2,78.0,1,Call
359,36000,86.0,1,81.0,2,Underlying
359,36000,80.0,0,86.0,2,Put
359,36000,76.0,1,80.0,2,Call
360,36100,85.0,2,81.0,2,Underlying
360,36100,81.0,0,85.0,1,Put
360,36100,75.0,0,75.0,2,Call
361,36200,82.0,2,82.0,0,Put
361,36200,73.0,1,78.0,0,Call
361,36200,86.0,2,81.0,2,Underlying
362,36300,75.0,2,73.0,1,Call
362,36300,84.0,2,87.0,2,Underlying
362,36300,84.0,2,83.0,1,Put
363,36400,72.0,2,70.0,2,Call
363,36400,86.0,0,87.0,0,Underlying
363,36400,87.0,2,87.0,1,Put
364,36500,72.0,2,68.0,2,Call
364,36500,85.0,2,85.0,1,Underlying
364,36500,88.0,0,86.0,1,Put
365,36600,87.0,1,92.0,2,Underlying
365,36600,88.0,2,88.0,1,Put
365,36600,70.0,1,69.0,1,Call
366,36700,89.0,0,90.0,0,Put
366,36700,71.0,2,69.0,1,Call
366,36700,90.0,2,88.0,0,Underlying
367,36800,89.0,1,90.0,0,Put
367,36800,70.0,0,72.0,0,Call
367,36800,92.0,2,88.0,1,Underlying
368,36900,91.0,2,88.0,1,Put
368,36900,72.0,2,67.0,0,Call
368,36900,90.0,2,91.0,0,Underlying
369,37000,88.0,2,93.0,0,Put
369,37000,89.0,2,88.0,1,Underlying
369,37000,66.0,0,69.0,2,Call
370,37100,92.0,0,88.0,0,Underlying
370,37100,92.0,2,86.0,0,Put
370,37100,65.0,1,69.0,1,Call
371,37200,87.0,0,86.0,0,Underlying
371,37200,88.0,0,86.0,0,Put
371,37200,69.0,0,69.0,0,Call
372,37300,70.0,1,67.0,2,Call
372,37300,85.0,1,88.0,0,Put
372,37300,87.0,1,85.0,0,Underlying
373,37400,86.0,2,91.0,2,Put
373,37400,88.0,2,86.0,0,Underlying
373,37400,69.0,2,69.0,2,Call
374,37500,89.0,2,88.0,2,Underlying
374,37500,88.0,0,91.0,2,Put
374,37500,67.0,0,70.0,2,Call
375,37600,73.0,2,69.0,2,Call
375,37600,89.0,0,86.0,0,Underlying
375,37600,87.0,2,87.0,0,Put
376,37700,73.0,0,69.0,0,Call
376,37700,89.0,2,92.0,1,Put
376,37700,91.0,1,92.0,0,Underlying
377,37800,85.0,1,86.0,0,Put
377,37800,70.0,2,67.0,1,Call
377,37800,85.0,1,87.0,1,Underlying
378,37900,89.0,1,88.0,1,Put
378,37900,70.0,0,68.0,1,Call
378,37900,89.0,1,89.0,0,Underlying
379,38000,87.0,2,87.0,1,Put
379,38000,72.0,1,69.0,0,Call
379,38000,87.0,2,89.0,2,Underlying
380,38100,66.0,2,68.0,0,Call
380,38100,91.0,2,89.0,2,Underlying
380,38100,90.0,0,86.0,0,Put
381,38200,89.0,2,91.0,0,Underlying
381,38200,89.0,1,90.0,2,Put
381,38200,62.0,1,63.0,2,Call
382,38300,91.0,2,88.0,0,Underlying
382,38300,86.0,2,89.0,0,Put
382,38300,65.0,1,65.0,2,Call
383,38400,91.0,0,89.0,0,Underlying
383,38400,89.0,0,90.0,0,Put
383,38400,60.0,2,66.0,2,Call
384,38500,91.0,1,90.0,1,Underlying
384,38500,65.0,2,65.0,0,Call
384,38500,90.0,1,89.0,2,Put
385,38600,63.0,1,65.0,2,Call
385,38600,94.0,0,92.0,2,Underlying
385,38600,95.0,0,90.0,0,Put
386,38700,62.0,2,63.0,0,Call
386,38700,93.0,1,93.0,1,Underlying
386,38700,92.0,1,95.0,2,Put
387,38800,63.0,1,62.0,1,Call
387,38800,96.0,1,91.0,0,Underlying
387,38800,90.0,1,94.0,1,Put
388,38900,93.0,0,92.0,2,Underlying
388,38900,91.0,1,95.0,0,Put
388,38900,63.0,1,63.0,0,Call
389,39000,91.0,0,91.0,0,Put
389,39000,60.0,0,66.0,1,Call
389,39000,91.0,0,93.0,0,Underlying
390,39100,95.0,1,93.0,2,Put
390,39100,61.0,1,64.0,1,Call
390,39100,91.0,2,95.0,0,Underlying
391,39200,96.0,2,93.0,2,Put
391,39200,66.0,1,61.0,2,Call
391,39200,99.0,1,96.0,2,Underlying
392,39300,62.0,0,59.0,2,Call
392,39300,96.0,0,95.0,0,Underlying
392,39300,92.0,0,95.0,2,Put
393,39400,92.0,1,92.0,1,Underlying
393,39400,91.0,2,94.0,1,Put
393,39400,66.0,1,62.0,0,Call
394,39500,93.0,1,91.0,1,Underlying
394,39500,92.0,1,91.0,1,Put
394,39500,64.0,1,65.0,2,Call
395,39600,92.0,1,90.0,2,Underlying
395,39600,92.0,1,91.0,2,Put
395,39600,61.0,1,64.0,2,Call
396,39700,88.0,2,89.0,1,Put
396,39700,63.0,2,64.0,2,Call
396,39700,91.0,2,91.0,2,Underlying
397,39800,64.0,1,66.0,0,Call
397,39800,90.0,0,87.0,0,Underlying
397,39800,89.0,1,90.0,2,Put
398,39900,67.0,1,68.0,1,Call
398,39900,87.0,0,88.0,1,Underlying
398,39900,87.0,2,86.0,1,Put
399,40000,70.0,2,70.0,0,Call
399,40000,86.0,0,89.0,0,Underlying
399,40000,86.0,1,92.0,0,Put
400,40100,69.0,0,68.0,2,Call
400,40100,90.0,2,90.0,0,Put
400,40100,90.0,0,92.0,0,Underlying
401,40200,90.0,2,92.0,1,Put
401,40200,68.0,1,65.0,0,Call
401,40200,89.0,1,94.0,2,Underlying
402,40300,94.0,2,90.0,2,Put
402,40300,65.0,0,69.0,2,Call
402,40300,92.0,0,92.0,0,Underlying
403,40400,90.0,0,90.0,2,Put
403,40400,70.0,0,69.0,1,Call
403,40400,92.0,1,89.0,1,Underlying
404,40500,70.0,0,68.0,0,Call
404,40500,96.0,2,94.0,1,Underlying
404,40500,95.0,2,95.0,1,Put
405,40600,93.0,2,95.0,0,Underlying
405,40600,93.0,0,97.0,1,Put
405,40600,67.0,2,68.0,2,Call
406,40700,97.0,0,96.0,2,Underlying
406,40700,99.0,1,96.0,0,Put
406,40700,67.0,0,71.0,1,Call
407,40800,92.0,0,96.0,1,Underlying
407,40800,93.0,1,95.0,1,Put
407,40800,70.0,2,73.0,0,Call
408,40900,93.0,0,93.0,1,Underlying
408,40900,72.0,2,68.0,2,Call
408,40900,92.0,2,94.0,1,Put
409,41000,67.0,0,71.0,1,Call
409,41000,91.0,2,97.0,2,Underlying
409,41000,93.0,0,96.0,0,Put
410,41100,63.0,0,67.0,1,Call
410,41100,95.0,2,93.0,1,Underlying
410,41100,92.0,0,98.0,0,Put
411,41200,63.0,0,64.0,0,Call
411,41200,97.0,1,94.0,0,Underlying
411,41200,91.0,1,96.0,1,Put
412,41300,95.0,2,95.0,2,Underlying
412,41300,98.0,0,93.0,2,Put
412,41300,64.0,2,61.0,2,Call
413,41400,98.0,1,97.0,1,Put
413,41400,64.0,1,63.0,0,Call
413,41400,97.0,0,94.0,0,Underlying
414,41500,94.0,2,97.0,2,Put
414,41500,65.0,1,66.0,2,Call
414,41500,99.0,0,97.0,1,Underlying
415,41600,100.0,0,96.0,0,Put
415,41600,62.0,1,59.0,1,Call
415,41600,100.0,1,96.0,2,Underlying
416,41700,98.0,0,96.0,0,Put
416,41700,101.0,2,97.0,1,Underlying
416,41700,62.0,2,62.0,0,Call
417,41800,99.0,1,95.0,2,Underlying
417,41800,96.0,2,97.0,1,Put
417,41800,62.0,2,59.0,2,Call
418,41900,96.0,1,96.0,0,Underlying
418,41900,95.0,0,96.0,1,Put
418,41900,60.0,2,58.0,0,Call
419,42000,97.0,0,95.0,2,Underlying
419,42000,97.0,0,96.0,1,Put
419,42000,57.0,1,60.0,1,Call
420,42100,99.0,0,95.0,0,Put
420,42100,60.0,1,58.0,2,Call
420,42100,99.0,2,97.0,1,Underlying
421,42200,60.0,1,58.0,2,Call
421,42200,92.0,2,98.0,2,Underlying
421,42200,98.0,2,95.0,0,Put
422,42300,58.0,2,61.0,0,Call
422,42300,97.0,1,92.0,1,Underlying
422,42300,94.0,2,96.0,0,Put
423,42400,60.0,2,60.0,0,Call
423,42400,98.0,0,93.0,1,Underlying
423,42400,98.0,0,96.0,0,Put
424,42500,96.0,2,97.0,2,Underlying
424,42500,96.0,2,95.0,1,Put
424,42500,58.0,0,58.0,0,Call
425,42600,93.0,2,93.0,2,Put
425,42600,61.0,0,60.0,2,Call
425,42600,96.0,2,91.0,1,Underlying
426,42700,94.0,1,92.0,2,Put
426,42700,61.0,0,64.0,0,Call
426,42700,93.0,2,96.0,0,Underlying
427,42800,91.0,2,93.0,0,Put
427,42800,64.0,2,65.0,2,Call
427,42800,92.0,0,94.0,0,Underlying
428,42900,63.0,0,61.0,2,Call
428,42900,95.0,2,95.0,1,Underlying
428,42900,96.0,1,94.0,0,Put
429,43000,93.0,0,95.0,0,Underlying
429,43000,97.0,2,95.0,1,Put
429,43000,64.0,1,60.0,0,Call
430,43100,95.0,1,97.0,2,Underlying
430,43100,98.0,2,97.0,2,Put
430,43100,63.0,0,60.0,2,Call
431,43200,98.0,1,96.0,1,Underlying
431,43200,99.0,0,98.0,0,Put
431,43200,63.0,2,62.0,0,Call
432,43300,100.0,2,99.0,1,Underlying
432,43300,57.0,0,58.0,1,Call
432,43300,102.0,2,98.0,0,Put
433,43400,60.0,2,63.0,0,Call
433,43400,101.0,0,100.0,1,Underlying
433,43400,102.0,0,99.0,0,Put
434,43500,63.0,2,60.0,0,Call
434,43500,101.0,2,102.0,0,Underlying
434,43500,98.0,1,102.0,0,Put
435,43600,106.0,2,103.0,1,Put
435,43600,102.0,1,107.0,0,Underlying
435,43600,61.0,1,60.0,1,Call
436,43700,101.0,1,97.0,0,Underlying
436,43700,60.0,2,64.0,2,Call
436,43700,101.0,2,99.0,1,Put
437,43800,63.0,1,60.0,2,Call
437,43800,99.0,2,103.0,2,Underlying
437,43800,100.0,1,102.0,1,Put
438,43900,106.0,2,102.0,0,Put
438,43900,63.0,0,60.0,0,Call
438,43900,101.0,0,104.0,1,Underlying
439,44000,62.0,1,59.0,2,Call
439,44000,102.0,1,104.0,1,Underlying
439,44000,103.0,0,101.0,2,Put
440,44100,99.0,2,101.0,1,Underlying
440,44100,98.0,0,101.0,0,Put
440,44100,64.0,0,64.0,0,Call
441,44200,103.0,1,100.0,2,Underlying
441,44200,102.0,2,103.0,1,Put
441,44200,62.0,0,63.0,0,Call
442,44300,103.0,0,105.0,1,Underlying
442,44300,101.0,1,106.0,2,Put
442,44300,58.0,0,59.0,1,Call
443,44400,102.0,2,98.0,2,Put
443,44400,62.0,0,59.0,2,Call
443,44400,99.0,1,102.0,2,Underlying
444,44500,58.0,2,57.0,1,Call
444,44500,103.0,0,99.0,1,Underlying
444,44500,101.0,1,100.0,1,Put
445,44600,57.0,1,58.0,2,Call
445,44600,102.0,1,100.0,0,Underlying
445,44600,103.0,1,99.0,1,Put
446,44700,59.0,1,55.0,2,Call
446,44700,102.0,2,106.0,0,Underlying
446,44700,104.0,1,104.0,1,Put
447,44800,57.0,2,57.0,1,Call
447,44800,106.0,2,107.0,0,Put
447,44800,103.0,1,108.0,2,Underlying
448,44900,105.0,0,106.0,1,Put
448,44900,61.0,0,59.0,1,Call
448,44900,105.0,0,106.0,0,Underlying
449,45000,105.0,0,105.0,2,Put
449,45000,59.0,1,61.0,0,Call
449,45000,104.0,2,103.0,1,Underlying
450,45100,108.0,2,105.0,1,Put
450,45100,59.0,2,60.0,2,Call
450,45100,107.0,2,106.0,0,Underlying
451,45200,59.0,2,55.0,1,Call
451,45200,103.0,0,107.0,0,Underlying
451,45200,104.0,2,109.0,0,Put
452,45300,108.0,1,112.0,1,Underlying
452,45300,112.0,1,109.0,0,Put
452,45300,55.0,1,55.0,1,Call
453,45400,109.0,0,105.0,0,Underlying
453,45400,107.0,1,107.0,1,Put
453,45400,56.0,2,56.0,2,Call
454,45500,106.0,2,107.0,1,Underlying
454,45500,107.0,0,108.0,0,Put
454,45500,55.0,0,55.0,2,Call
455,45600,106.0,2,108.0,0,Put
455,45600,53.0,0,56.0,2,Call
455,45600,107.0,1,110.0,1,Underlying
456,45700,59.0,0,54.0,0,Call
456,45700,106.0,0,107.0,1,Underlying
456,45700,104.0,1,106.0,2,Put
457,45800,57.0,1,56.0,0,Call
457,45800,102.0,1,105.0,1,Underlying
457,45800,103.0,2,102.0,1,Put
458,45900,56.0,0,62.0,0,Call
458,45900,105.0,2,103.0,2,Underlying
458,45900,104.0,2,103.0,0,Put
459,46000,104.0,1,100.0,1,Underlying
459,46000,104.0,1,104.0,1,Put
459,46000,57.0,0,58.0,0,Call
460,46100,102.0,1,103.0,0,Put
460,46100,56.0,1,55.0,0,Call
460,46100,103.0,0,106.0,2,Underlying
461,46200,101.0,0,101.0,0,Put
461,46200,58.0,0,57.0,1,Call
461,46200,99.0,1,101.0,1,Underlying
462,46300,101.0,0,97.0,2,Put
462,46300,55.0,1,57.0,2,Call
462,46300,102.0,0,97.0,0,Underlying
463,46400,95.0,2,99.0,0,Put
463,46400,96.0,1,100.0,0,Underlying
463,46400,59.0,2,60.0,1,Call
464,46500,98.0,2,97.0,2,Underlying
464,46500,99.0,2,98.0,2,Put
464,46500,57.0,2,56.0,1,Call
465,46600,101.0,0,100.0,1,Underlying
465,46600,101.0,0,101.0,0,Put
465,46600,55.0,2,56.0,2,Call
466,46700,105.0,0,99.0,2,Underlying
466,46700,102.0,0,100.0,0,Put
466,46700,55.0,0,58.0,0,Call
467,46800,99.0,1,97.0,2,Put
467,46800,58.0,1,57.0,1,Call
467,46800,99.0,0,99.0,0,Underlying
468,46900,52.0,0,53.0,0,Call
468,46900,99.0,1,98.0,1,Underlying
468,46900,100.0,1,100.0,2,Put
469,47000,54.0,1,51.0,1,Call
469,47000,99.0,2,99.0,0,Underlying
469,47000,98.0,1,100.0,0,Put
470,47100,55.0,0,53.0,0,Call
470,47100,95.0,1,101.0,1,Put
470,47100,99.0,0,99.0,0,Underlying
471,47200,94.0,1,99.0,0,Put
471,47200,58.0,1,57.0,0,Call
471,47200,99.0,1,95.0,2,Underlying
472,47300,93.0,1,98.0,2,Put
472,47300,60.0,0,59.0,1,Call
472,47300,98.0,0,94.0,2,Underlying
473,47400,95.0,2,97.0,1,Put
473,47400,58.0,0,60.0,0,Call
473,47400,100.0,1,94.0,1,Underlying
474,47500,54.0,2,57.0,1,Call
474,47500,100.0,2,103.0,0,Underlying
474,47500,103.0,0,99.0,0,Put
475,47600,103.0,2,103.0,2,Underlying
475,47600,105.0,0,102.0,1,Put
475,47600,57.0,2,59.0,0,Call
476,47700,100.0,0,102.0,1,Underlying
476,47700,103.0,2,101.0,1,Put
476,47700,52.0,1,57.0,1,Call
477,47800,106.0,1,103.0,1,Underlying
477,47800,100.0,2,103.0,2,Put
477,47800,54.0,2,52.0,2,Call
478,47900,102.0,2,104.0,2,Underlying
478,47900,52.0,1,52.0,0,Call
478,47900,100.0,1,102.0,2,Put
479,48000,51.0,1,51.0,2,Call
479,48000,105.0,1,103.0,0,Underlying
479,48000,103.0,1,103.0,0,Put
480,48100,52.0,2,50.0,1,Call
480,48100,100.0,2,104.0,0,Underlying
480,48100,102.0,0,102.0,1,Put
481,48200,53.0,2,52.0,2,Call
481,48200,104.0,0,105.0,0,Underlying
481,48200,105.0,2,105.0,2,Put
482,48300,105.0,0,102.0,2,Put
482,48300,49.0,2,52.0,1,Call
482,48300,102.0,2,105.0,0,Underlying
483,48400,100.0,0,98.0,2,Underlying
483,48400,56.0,2,55.0,2,Call
483,48400,99.0,0,99.0,0,Put
484,48500,105.0,1,100.0,2,Put
484,48500,54.0,1,55.0,1,Call
484,48500,102.0,0,101.0,2,Underlying
485,48600,98.0,2,102.0,0,Put
485,48600,60.0,0,57.0,2,Call
485,48600,99.0,0,103.0,1,Underlying
486,48700,57.0,2,57.0,1,Call
486,48700,99.0,1,99.0,2,Underlying
486,48700,97.0,0,101.0,1,Put
487,48800,102.0,2,102.0,2,Underlying
487,48800,100.0,1,102.0,1,Put
487,48800,55.0,1,53.0,0,Call
488,48900,98.0,2,98.0,0,Underlying
488,48900,100.0,1,97.0,1,Put
488,48900,55.0,0,52.0,2,Call
489,49000,98.0,1,99.0,1,Underlying
489,49000,98.0,1,98.0,2,Put
489,49000,56.0,0,50.0,2,Call
490,49100,53.0,0,52.0,1,Call
490,49100,99.0,1,95.0,0,Underlying
490,49100,95.0,0,100.0,2,Put
491,49200,96.0,2,100.0,2,Put
491,49200,100.0,0,96.0,2,Underlying
491,49200,51.0,1,51.0,0,Call
492,49300,56.0,2,55.0,1,Call
492,49300,98.0,2,94.0,0,Underlying
492,49300,99.0,1,95.0,2,Put
493,49400,54.0,0,54.0,1,Call
493,49400,99.0,0,95.0,1,Underlying
493,49400,98.0,0,93.0,0,Put
494,49500,53.0,2,57.0,0,Call
494,49500,95.0,2,92.0,2,Put
494,49500,95.0,2,94.0,0,Underlying
495,49600,96.0,0,97.0,0,Put
495,49600,99.0,2,97.0,1,Underlying
495,49600,52.0,2,52.0,1,Call
496,49700,99.0,0,102.0,0,Put
496,49700,97.0,0,102.0,0,Underlying
496,49700,50.0,0,54.0,0,Call
497,49800,95.0,2,97.0,0,Put
497,49800,99.0,1,96.0,1,Underlying
497,49800,53.0,1,56.0,0,Call
498,49900,97.0,2,100.0,2,Put
498,49900,97.0,2,97.0,2,Underlying
498,49900,54.0,0,54.0,2,Call
499,50000,100.0,1,98.0,0,Underlying
499,50000,50.0,2,55.0,0,Call
499,50000,101.0,0,99.0,1,Put
500,50100,51.0,1,51.0,2,Call
500,50100,99.0,1,98.0,2,Put
500,50100,99.0,1,98.0,1,Underlying
501,50200,50.0,0,54.0,1,Call
501,50200,96.0,0,99.0,0,Underlying
501,50200,96.0,2,100.0,2,Put
502,50300,48.0,1,50.0,0,Call
502,50300,100.0,1,96.0,2,Underlying
502,50300,99.0,0,96.0,0,Put
503,50400,95.0,1,97.0,2,Put
503,50400,96.0,2,97.0,2,Underlying
503,50400,52.0,0,52.0,2,Call
504,50500,52.0,2,51.0,0,Call
504,50500,98.0,2,98.0,2,Underlying
504,50500,99.0,1,97.0,1,Put
505,50600,94.0,2,99.0,1,Put
505,50600,51.0,0,51.0,1,Call
505,50600,98.0,2,95.0,0,Underlying
506,50700,56.0,1,57.0,0,Call
506,50700,95.0,0,94.0,2,Put
506,50700,96.0,2,98.0,0,Underlying
507,50800,56.0,1,61.0,0,Call
507,50800,97.0,1,96.0,1,Put
507,50800,95.0,1,95.0,0,Underlying
508,50900,58.0,1,60.0,0,Call
508,50900,98.0,2,100.0,1,Underlying
508,50900,97.0,2,97.0,2,Put
509,51000,99.0,2,94.0,0,Underlying
509,51000,95.0,2,95.0,1,Put
509,51000,58.0,0,58.0,0,Call
510,51100,94.0,0,94.0,1,Underlying
510,51100,98.0,1,92.0,2,Put
510,51100,58.0,1,59.0,1,Call
511,51200,93.0,2,93.0,0,Underlying
511,51200,92.0,2,92.0,2,Put
511,51200,63.0,0,62.0,0,Call
512,51300,89.0,0,93.0,2,Put
512,51300,91.0,2,92.0,2,Underlying
512,51300,65.0,0,64.0,2,Call
513,51400,95.0,1,93.0,1,Underlying
513,51400,93.0,1,90.0,1,Put
513,51400,62.0,1,61.0,1,Call
514,51500,62.0,0,58.0,0,Call
514,51500,92.0,0,94.0,1,Underlying
514,51500,92.0,2,95.0,0,Put
515,51600,94.0,0,94.0,2,Underlying
515,51600,97.0,0,93.0,0,Put
515,51600,59.0,1,57.0,0,Call
516,51700,97.0,1,97.0,1,Underlying
516,51700,96.0,1,93.0,0,Put
516,51700,58.0,1,56.0,0,Call
517,51800,94.0,1,95.0,2,Put
517,51800,95.0,2,94.0,1,Underlying
517,51800,57.0,2,57.0,1,Call
518,51900,92.0,2,95.0,0,Underlying
518,51900,94.0,1,96.0,0,Put
518,51900,58.0,0,59.0,2,Call
519,52000,100.0,0,95.0,2,Underlying
519,52000,98.0,0,98.0,0,Put
519,52000,59.0,0,56.0,2,Call
520,52100,99.0,0,99.0,1,Underlying
520,52100,98.0,2,100.0,1,Put
520,52100,59.0,1,55.0,2,Call
521,52200,102.0,2,101.0,2,Underlying
521,52200,101.0,0,101.0,0,Put
521,52200,58.0,1,54.0,0,Call
522,52300,55.0,0,53.0,1,Call
522,52300,100.0,0,105.0,2,Put
522,52300,100.0,1,104.0,0,Underlying
523,52400,104.0,1,106.0,1,Put
523,52400,54.0,1,52.0,1,Call
523,52400,102.0,1,106.0,0,Underlying
524,52500,52.0,0,49.0,0,Call
524,52500,103.0,2,106.0,1,Put
524,52500,106.0,2,107.0,2,Underlying
525,52600,53.0,1,52.0,0,Call
525,52600,103.0,1,106.0,0,Put
525,52600,102.0,1,107.0,2,Underlying
526,52700,102.0,0,106.0,1,Underlying
526,52700,101.0,2,107.0,0,Put
526,52700,49.0,0,54.0,0,Call
527,52800,105.0,1,105.0,2,Underlying
527,52800,56.0,1,53.0,1,Call
527,52800,107.0,2,106.0,0,Put
528,52900,51.0,0,57.0,0,Call
528,52900,106.0,0,103.0,2,Underlying
528,52900,104.0,0,102.0,1,Put
529,53000,108.0,2,102.0,1,Put
529,53000,51.0,1,55.0,2,Call
529,53000,105.0,2,104.0,2,Underlying
530,53100,104.0,1,104.0,0,Underlying
530,53100,108.0,1,103.0,2,Put
530,53100,53.0,0,53.0,1,Call
531,53200,102.0,2,105.0,2,Underlying
531,53200,102.0,0,104.0,1,Put
531,53200,53.0,2,54.0,2,Call
532,53300,102.0,2,100.0,0,Put
532,53300,56.0,2,55.0,1,Call
532,53300,101.0,0,103.0,1,Underlying
533,53400,99.0,2,103.0,1,Underlying
533,53400,54.0,0,58.0,2,Call
533,53400,102.0,2,102.0,0,Put
534,53500,104.0,1,104.0,1,Underlying
534,53500,58.0,1,57.0,1,Call
534,53500,101.0,2,103.0,0,Put
535,53600,105.0,1,99.0,2,Put
535,53600,103.0,2,104.0,0,Underlying
535,53600,55.0,1,58.0,0,Call
536,53700,99.0,0,103.0,0,Underlying
536,53700,57.0,2,59.0,1,Call
536,53700,103.0,2,102.0,2,Put
537,53800,102.0,2,101.0,1,Put
537,53800,58.0,0,56.0,1,Call
537,53800,103.0,0,104.0,2,Underlying
538,53900,103.0,1,103.0,0,Put
538,53900,53.0,2,55.0,0,Call
538,53900,104.0,2,105.0,2,Underlying
539,54000,53.0,0,55.0,2,Call
539,54000,102.0,2,101.0,1,Underlying
539,54000,100.0,2,103.0,0,Put
540,54100,100.0,1,101.0,2,Put
540,54100,54.0,2,55.0,1,Call
540,54100,99.0,1,101.0,2,Underlying
541,54200,98.0,1,98.0,2,Underlying
541,54200,100.0,1,96.0,0,Put
541,54200,56.0,1,53.0,0,Call
542,54300,104.0,2,99.0,0,Underlying
542,54300,52.0,1,56.0,1,Call
542,54300,100.0,2,102.0,1,Put
543,54400,101.0,0,100.0,0,Underlying
543,54400,102.0,2,101.0,0,Put
543,54400,54.0,0,53.0,2,Call
544,54500,103.0,0,100.0,1,Put
544,54500,51.0,0,52.0,2,Call
544,54500,100.0,0,103.0,1,Underlying
545,54600,102.0,0,98.0,1,Put
545,54600,49.0,2,53.0,1,Call
545,54600,101.0,0,102.0,2,Underlying
546,54700,99.0,0,100.0,2,Underlying
546,54700,50.0,0,50.0,2,Call
546,54700,98.0,2,99.0,2,Put
547,54800,103.0,1,102.0,1,Underlying
547,54800,49.0,1,50.0,1,Call
547,54800,103.0,1,102.0,0,Put
548,54900,104.0,1,103.0,2,Underlying
548,54900,45.0,2,49.0,1,Call
548,54900,106.0,1,104.0,1,Put
549,55000,106.0,0,107.0,2,Put
549,55000,45.0,0,48.0,2,Call
549,55000,106.0,1,105.0,0,Underlying
550,55100,44.0,0,49.0,0,Call
550,55100,101.0,1,102.0,2,Underlying
550,55100,102.0,0,103.0,1,Put
551,55200,99.0,0,100.0,0,Put
551,55200,99.0,2,100.0,2,Underlying
551,55200,44.0,1,49.0,1,Call
552,55300,97.0,0,94.0,2,Put
552,55300,44.0,1,48.0,1,Call
552,55300,96.0,2,96.0,2,Underlying
553,55400,94.0,1,94.0,2,Underlying
553,55400,48.0,2,49.0,2,Call
553,55400,93.0,0,94.0,0,Put
554,55500,90.0,1,93.0,0,Underlying
554,55500,49.0,2,51.0,2,Call
554,55500,94.0,2,94.0,1,Put
555,55600,95.0,1,96.0,1,Underlying
555,55600,96.0,1,93.0,2,Put
555,55600,50.0,0,50.0,1,Call
556,55700,100.0,0,96.0,0,Put
556,55700,54.0,2,50.0,0,Call
556,55700,96.0,2,97.0,1,Underlying
557,55800,102.0,1,96.0,0,Put
557,55800,100.0,2,100.0,2,Underlying
557,55800,50.0,1,53.0,1,Call
558,55900,98.0,0,96.0,1,Underlying
558,55900,97.0,0,97.0,1,Put
558,55900,54.0,2,56.0,0,Call
559,56000,51.0,2,55.0,1,Call
559,56000,98.0,2,96.0,1,Put
559,56000,96.0,2,97.0,1,Underlying
560,56100,99.0,1,96.0,2,Put
560,56100,53.0,0,53.0,0,Call
560,56100,101.0,0,95.0,1,Underlying
561,56200,101.0,1,100.0,1,Put
561,56200,54.0,0,51.0,2,Call
561,56200,100.0,0,97.0,2,Underlying
562,56300,102.0,2,98.0,2,Underlying
562,56300,100.0,0,99.0,2,Put
562,56300,52.0,1,50.0,1,Call
563,56400,54.0,0,53.0,0,Call
563,56400,97.0,1,100.0,1,Underlying
563,56400,100.0,0,102.0,0,Put
564,56500,101.0,0,101.0,2,Underlying
564,56500,50.0,1,48.0,0,Call
564,56500,101.0,2,102.0,1,Put
565,56600,97.0,1,103.0,1,Put
565,56600,51.0,2,46.0,0,Call
565,56600,100.0,2,98.0,1,Underlying
566,56700,104.0,2,101.0,1,Underlying
566,56700,101.0,1,102.0,0,Put
566,56700,47.0,2,48.0,0,Call
567,56800,51.0,0,47.0,2,Call
567,56800,100.0,0,97.0,2,Underlying
567,56800,99.0,0,99.0,2,Put
568,56900,49.0,0,47.0,0,Call
568,56900,106.0,1,100.0,1,Underlying
568,56900,106.0,1,100.0,2,Put
569,57000,103.0,2,107.0,1,Underlying
569,57000,104.0,1,103.0,2,Put
569,57000,47.0,1,48.0,2,Call
570,57100,105.0,1,107.0,2,Put
570,57100,50.0,2,45.0,2,Call
570,57100,105.0,2,104.0,0,Underlying
571,57200,108.0,0,104.0,2,Put
571,57200,47.0,2,48.0,1,Call
571,57200,103.0,2,106.0,0,Underlying
572,57300,107.0,0,105.0,0,Put
572,57300,48.0,0,46.0,2,Call
572,57300,106.0,0,107.0,0,Underlying
573,57400,103.0,1,101.0,0,Put
573,57400,47.0,2,45.0,2,Call
573,57400,102.0,1,100.0,1,Underlying
574,57500,103.0,1,101.0,0,Put
574,57500,47.0,2,49.0,1,Call
574,57500,104.0,2,99.0,2,Underlying
575,57600,99.0,1,101.0,2,Put
575,57600,46.0,1,50.0,1,Call
575,57600,102.0,0,100.0,2,Underlying
576,57700,104.0,2,104.0,1,Underlying
576,57700,46.0,1,48.0,1,Call
576,57700,102.0,0,105.0,2,Put
577,57800,107.0,0,106.0,1,Underlying
577,57800,109.0,1,108.0,0,Put
577,57800,44.0,2,47.0,2,Call
578,57900,105.0,0,108.0,1,Underlying
578,57900,107.0,0,107.0,2,Put
578,57900,48.0,0,46.0,0,Call
579,58000,110.0,1,108.0,1,Underlying
579,58000,44.0,0,47.0,1,Call
579,58000,107.0,0,109.0,1,Put
580,58100,108.0,2,111.0,1,Put
580,58100,45.0,1,45.0,2,Call
580,58100,107.0,2,109.0,1,Underlying
581,58200,47.0,2,43.0,1,Call
581,58200,112.0,2,114.0,2,Underlying
581,58200,112.0,1,113.0,1,Put
582,58300,111.0,1,112.0,1,Put
582,58300,114.0,1,114.0,2,Underlying
582,58300,41.0,0,43.0,2,Call
583,58400,109.0,2,108.0,2,Put
583,58400,45.0,1,42.0,1,Call
583,58400,110.0,1,109.0,0,Underlying
584,58500,111.0,1,105.0,2,Put
584,58500,41.0,2,42.0,1,Call
584,58500,110.0,1,109.0,2,Underlying
585,58600,41.0,0,38.0,0,Call
585,58600,107.0,1,105.0,0,Underlying
585,58600,106.0,0,110.0,2,Put
586,58700,105.0,0,107.0,1,Underlying
586,58700,105.0,2,108.0,2,Put
586,58700,46.0,0,45.0,2,Call
587,58800,109.0,0,106.0,2,Underlying
587,58800,107.0,0,108.0,2,Put
587,58800,47.0,0,43.0,2,Call
588,58900,105.0,0,104.0,1,Underlying
588,58900,47.0,2,46.0,1,Call
588,58900,103.0,1,105.0,2,Put
589,59000,101.0,0,102.0,2,Underlying
589,59000,98.0,2,103.0,2,Put
589,59000,47.0,1,44.0,1,Call
590,59100,104.0,2,100.0,1,Put
590,59100,103.0,1,104.0,2,Underlying
590,59100,40.0,0,42.0,2,Call
591,59200,103.0,2,99.0,0,Underlying
591,59200,100.0,2,103.0,2,Put
591,59200,44.0,0,42.0,1,Call
592,59300,106.0,1,103.0,1,Underlying
592,59300,41.0,0,39.0,2,Call
592,59300,100.0,2,105.0,1,Put
593,59400,101.0,0,105.0,1,Put
593,59400,104.0,2,104.0,0,Underlying
593,59400,43.0,2,42.0,2,Call
594,59500,104.0,0,104.0,1,Put
594,59500,43.0,2,44.0,2,Call
594,59500,104.0,1,106.0,0,Underlying
595,59600,103.0,1,106.0,0,Put
595,59600,105.0,0,105.0,1,Underlying
595,59600,44.0,0,43.0,2,Call
596,59700,44.0,1,44.0,2,Call
596,59700,105.0,0,108.0,1,Underlying
596,59700,103.0,1,107.0,1,Put
597,59800,44.0,1,39.0,2,Call
597,59800,112.0,0,109.0,1,Underlying
597,59800,111.0,2,106.0,0,Put
598,59900,109.0,2,113.0,1,Put
598,59900,109.0,0,109.0,2,Underlying
598,59900,37.0,2,40.0,2,Call
599,60000,110.0,2,107.0,0,Underlying
599,60000,111.0,0,111.0,2,Put
599,60000,39.0,0,41.0,0,Call
600,60100,111.0,1,111.0,1,Underlying
600,60100,110.0,1,113.0,2,Put
600,60100,37.0,0,42.0,2,Call
601,60200,40.0,1,37.0,1,Call
601,60200,113.0,0,111.0,0,Underlying
601,60200,113.0,0,111.0,0,Put
602,60300,112.0,0,111.0,1,Put
602,60300,110.0,0,112.0,1,Underlying
602,60300,39.0,0,37.0,2,Call
603,60400,39.0,0,37.0,2,Call
603,60400,112.0,1,108.0,0,Underlying
603,60400,112.0,0,109.0,2,Put
604,60500,38.0,1,36.0,1,Call
604,60500,110.0,1,112.0,1,Put
604,60500,111.0,2,109.0,1,Underlying
605,60600,36.0,1,36.0,2,Call
605,60600,110.0,1,111.0,2,Underlying
605,60600,109.0,1,109.0,1,Put
606,60700,104.0,1,106.0,2,Put
606,60700,37.0,0,37.0,0,Call
606,60700,106.0,2,103.0,2,Underlying
607,60800,104.0,0,106.0,1,Put
607,60800,36.0,1,39.0,1,Call
607,60800,104.0,1,106.0,2,Underlying
608,60900,108.0,2,104.0,0,Underlying
608,60900,105.0,0,106.0,2,Put
608,60900,35.0,2,36.0,1,Call
609,61000,34.0,0,34.0,2,Call
609,61000,105.0,2,107.0,0,Put
609,61000,108.0,2,107.0,2,Underlying
610,61100,109.0,2,108.0,2,Underlying
610,61100,107.0,0,109.0,1,Put
610,61100,38.0,0,33.0,1,Call
611,61200,105.0,0,106.0,0,Underlying
611,61200,35.0,1,34.0,1,Call
611,61200,107.0,1,105.0,2,Put
612,61300,38.0,1,35.0,1,Call
612,61300,103.0,1,107.0,0,Underlying
612,61300,107.0,0,104.0,1,Put
613,61400,108.0,1,111.0,0,Underlying
613,61400,106.0,1,107.0,0,Put
613,61400,34.0,1,34.0,0,Call
614,61500,110.0,0,110.0,0,Underlying
614,61500,38.0,2,38.0,2,Call
614,61500,109.0,2,108.0,2,Put
615,61600,35.0,2,35.0,2,Call
615,61600,108.0,2,107.0,2,Underlying
615,61600,108.0,1,109.0,2,Put
616,61700,102.0,0,105.0,1,Underlying
616,61700,106.0,2,107.0,1,Put
616,61700,39.0,0,35.0,2,Call
617,61800,35.0,0,34.0,0,Call
617,61800,104.0,0,105.0,2,Put
617,61800,102.0,1,103.0,1,Underlying
618,61900,35.0,1,36.0,2,Call
618,61900,100.0,0,100.0,2,Underlying
618,61900,101.0,0,102.0,0,Put
619,62000,104.0,0,103.0,0,Put
619,62000,100.0,2,104.0,2,Underlying
619,62000,35.0,0,35.0,0,Call
620,62100,103.0,0,105.0,1,Underlying
620,62100,33.0,0,37.0,1,Call
620,62100,102.0,2,103.0,1,Put
621,62200,104.0,0,100.0,1,Put
621,62200,36.0,2,39.0,2,Call
621,62200,102.0,2,102.0,1,Underlying
622,62300,37.0,2,35.0,0,Call
622,62300,99.0,1,102.0,1,Underlying
622,62300,100.0,1,100.0,2,Put
623,62400,102.0,1,98.0,1,Put
623,62400,102.0,1,99.0,1,Underlying
623,62400,39.0,2,36.0,2,Call
624,62500,101.0,2,105.0,0,Put
624,62500,103.0,1,103.0,0,Underlying
624,62500,36.0,1,35.0,0,Call
625,62600,104.0,0,105.0,1,Underlying
625,62600,36.0,1,36.0,2,Call
625,62600,103.0,2,106.0,1,Put
626,62700,97.0,1,99.0,2,Put
626,62700,97.0,2,101.0,0,Underlying
626,62700,35.0,1,34.0,2,Call
627,62800,101.0,1,101.0,0,Underlying
627,62800,102.0,1,100.0,2,Put
627,62800,38.0,2,36.0,0,Call
628,62900,98.0,2,102.0,0,Underlying
628,62900,103.0,1,102.0,0,Put
628,62900,37.0,0,35.0,0,Call
629,63000,38.0,2,39.0,1,Call
629,63000,100.0,2,103.0,1,Put
629,63000,101.0,2,101.0,1,Underlying
630,63100,38.0,0,41.0,2,Call
630,63100,97.0,1,100.0,2,Put
630,63100,97.0,1,98.0,0,Underlying
631,63200,99.0,0,99.0,1,Put
631,63200,36.0,0,39.0,1,Call
631,63200,102.0,0,97.0,2,Underlying
632,63300,98.0,0,95.0,0,Put
632,63300,39.0,1,38.0,2,Call
632,63300,99.0,0,100.0,0,Underlying
633,63400,97.0,2,100.0,2,Put
633,63400,101.0,1,98.0,0,Underlying
633,63400,41.0,0,41.0,1,Call
634,63500,99.0,2,94.0,0,Underlying
634,63500,99.0,1,96.0,1,Put
634,63500,44.0,2,39.0,1,Call
635,63600,96.0,1,97.0,1,Put
635,63600,98.0,2,96.0,1,Underlying
635,63600,39.0,1,41.0,1,Call
636,63700,95.0,2,96.0,0,Put
636,63700,92.0,0,96.0,2,Underlying
636,63700,40.0,0,43.0,0,Call
637,63800,95.0,1,98.0,1,Put
637,63800,41.0,1,39.0,1,Call
637,63800,97.0,0,100.0,1,Underlying
638,63900,96.0,1,98.0,1,Underlying
638,63900,43.0,1,40.0,1,Call
638,63900,97.0,2,93.0,2,Put
639,64000,99.0,2,97.0,1,Underlying
639,64000,43.0,2,44.0,0,Call
639,64000,96.0,1,100.0,2,Put
640,64100,43.0,0,43.0,2,Call
640,64100,94.0,1,100.0,2,Put
640,64100,95.0,2,100.0,0,Underlying
641,64200,94.0,2,97.0,2,Underlying
641,64200,98.0,1,97.0,1,Put
641,64200,46.0,1,47.0,0,Call
642,64300,95.0,1,92.0,1,Put
642,64300,92.0,2,95.0,2,Underlying
642,64300,49.0,1,46.0,2,Call
643,64400,46.0,1,48.0,0,Call
643,64400,90.0,2,92.0,2,Underlying
643,64400,93.0,1,89.0,1,Put
644,64500,87.0,2,91.0,0,Underlying
644,64500,86.0,1,91.0,0,Put
644,64500,48.0,2,52.0,2,Call
645,64600,91.0,2,90.0,0,Underlying
645,64600,90.0,1,90.0,1,Put
645,64600,48.0,0,49.0,2,Call
646,64700,96.0,0,93.0,2,Underlying
646,64700,50.0,2,51.0,0,Call
646,64700,93.0,0,96.0,2,Put
647,64800,47.0,0,46.0,1,Call
647,64800,91.0,1,97.0,0,Put
647,64800,93.0,1,96.0,2,Underlying
648,64900,89.0,0,94.0,0,Underlying
648,64900,49.0,1,49.0,2,Call
648,64900,92.0,2,93.0,1,Put
649,65000,89.0,1,91.0,2,Underlying
649,65000,49.0,0,51.0,0,Call
649,65000,89.0,0,89.0,0,Put
650,65100,87.0,0,92.0,2,Put
650,65100,91.0,0,90.0,0,Underlying
650,65100,50.0,0,55.0,0,Call
651,65200,49.0,1,49.0,2,Call
651,65200,91.0,1,95.0,0,Put
651,65200,92.0,1,91.0,2,Underlying
652,65300,91.0,1,93.0,0,Underlying
652,65300,53.0,1,47.0,0,Call
652,65300,90.0,2,92.0,2,Put
653,65400,90.0,2,91.0,2,Underlying
653,65400,49.0,2,51.0,2,Call
653,65400,90.0,1,93.0,1,Put
654,65500,50.0,0,54.0,1,Call
654,65500,91.0,2,89.0,0,Underlying
654,65500,91.0,0,88.0,2,Put
655,65600,48.0,1,54.0,0,Call
655,65600,92.0,1,93.0,1,Put
655,65600,94.0,2,94.0,1,Underlying
656,65700,48.0,2,51.0,2,Call
656,65700,90.0,2,88.0,1,Put
656,65700,91.0,2,92.0,0,Underlying
657,65800,88.0,0,88.0,2,Put
657,65800,53.0,0,53.0,1,Call
657,65800,88.0,0,88.0,0,Underlying
658,65900,89.0,1,85.0,2,Underlying
658,65900,86.0,1,86.0,2,Put
658,65900,52.0,0,55.0,0,Call
659,66000,90.0,0,87.0,1,Put
659,66000,88.0,2,89.0,2,Underlying
659,66000,50.0,1,51.0,0,Call
660,66100,51.0,0,55.0,0,Call
660,66100,85.0,2,86.0,1,Put
660,66100,86.0,1,89.0,1,Underlying
661,66200,52.0,0,50.0,0,Call
661,66200,86.0,0,90.0,2,Put
661,66200,87.0,2,87.0,1,Underlying
662,66300,53.0,2,57.0,0,Call
662,66300,88.0,0,84.0,0,Underlying
662,66300,85.0,1,84.0,2,Put
663,66400,57.0,1,58.0,1,Call
663,66400,86.0,1,86.0,1,Put
663,66400,87.0,1,87.0,1,Underlying
664,66500,84.0,0,82.0,1,Underlying
664,66500,57.0,0,59.0,1,Call
664,66500,84.0,2,84.0,0,Put
665,66600,86.0,2,89.0,1,Underlying
665,66600,86.0,0,85.0,0,Put
665,66600,59.0,1,57.0,2,Call
666,66700,59.0,2,58.0,0,Call
666,66700,85.0,0,83.0,1,Underlying
666,66700,85.0,0,85.0,2,Put
667,66800,85.0,0,83.0,0,Underlying
667,66800,59.0,2,55.0,1,Call
667,66800,86.0,2,87.0,2,Put
668,66900,55.0,1,61.0,1,Call
668,66900,84.0,2,82.0,2,Put
668,66900,85.0,2,83.0,2,Underlying
669,67000,84.0,2,84.0,2,Underlying
669,67000,84.0,0,84.0,1,Put
669,67000,58.0,1,60.0,1,Call
670,67100,86.0,0,88.0,1,Underlying
670,67100,58.0,2,59.0,0,Call
670,67100,88.0,2,84.0,1,Put
671,67200,88.0,1,83.0,0,Underlying
671,67200,64.0,2,60.0,2,Call
671,67200,88.0,1,84.0,2,Put
672,67300,60.0,0,58.0,2,Call
672,67300,85.0,0,87.0,1,Underlying
672,67300,89.0,0,85.0,2,Put
673,67400,90.0,0,91.0,2,Put
673,67400,55.0,1,61.0,2,Call
673,67400,90.0,1,90.0,0,Underlying
674,67500,57.0,0,52.0,0,Call
674,67500,92.0,1,89.0,0,Underlying
674,67500,88.0,1,91.0,1,Put
675,67600,53.0,0,50.0,1,Call
675,67600,93.0,0,92.0,2,Underlying
675,67600,94.0,2,95.0,0,Put
676,67700,54.0,2,50.0,1,Call
676,67700,95.0,1,95.0,0,Underlying
676,67700,96.0,0,94.0,0,Put
677,67800,94.0,1,92.0,1,Put
677,67800,52.0,2,51.0,2,Call
677,67800,96.0,2,93.0,1,Underlying
678,67900,48.0,1,54.0,0,Call
678,67900,96.0,1,94.0,0,Underlying
678,67900,98.0,2,94.0,0,Put
679,68000,91.0,1,93.0,1,Underlying
679,68000,50.0,0,53.0,1,Call
679,68000,93.0,2,92.0,1,Put
680,68100,98.0,2,97.0,0,Underlying
680,68100,98.0,0,96.0,1,Put
680,68100,54.0,1,52.0,0,Call
681,68200,56.0,2,53.0,2,Call
681,68200,97.0,0,99.0,0,Put
681,68200,97.0,0,97.0,2,Underlying
682,68300,100.0,0,101.0,1,Put
682,68300,54.0,0,50.0,2,Call
682,68300,100.0,1,98.0,2,Underlying
683,68400,52.0,1,53.0,2,Call
683,68400,98.0,1,100.0,0,Underlying
683,68400,99.0,1,100.0,0,Put
684,68500,51.0,0,52.0,0,Call
684,68500,101.0,1,99.0,1,Underlying
684,68500,101.0,2,103.0,0,Put
685,68600,51.0,2,54.0,1,Call
685,68600,99.0,1,99.0,2,Underlying
685,68600,99.0,1,98.0,0,Put
686,68700,99.0,0,101.0,2,Put
686,68700,101.0,2,100.0,2,Underlying
686,68700,51.0,1,50.0,0,Call
687,68800,100.0,0,98.0,1,Underlying
687,68800,47.0,2,51.0,2,Call
687,68800,100.0,2,100.0,0,Put
688,68900,47.0,2,49.0,2,Call
688,68900,98.0,2,101.0,0,Put
688,68900,98.0,2,100.0,0,Underlying
689,69000,104.0,0,105.0,2,Underlying
689,69000,47.0,0,48.0,2,Call
689,69000,104.0,1,104.0,1,Put
690,69100,107.0,2,107.0,1,Put
690,69100,46.0,0,46.0,0,Call
690,69100,105.0,2,105.0,1,Underlying
691,69200,107.0,2,103.0,0,Underlying
691,69200,46.0,0,49.0,2,Call
691,69200,106.0,2,105.0,0,Put
692,69300,105.0,1,105.0,0,Put
692,69300,50.0,2,49.0,1,Call
692,69300,103.0,1,107.0,1,Underlying
693,69400,51.0,1,49.0,0,Call
693,69400,105.0,2,106.0,2,Put
693,69400,107.0,2,102.0,2,Underlying
694,69500,106.0,0,107.0,0,Underlying
694,69500,52.0,0,51.0,2,Call
694,69500,106.0,2,106.0,0,Put
695,69600,53.0,1,53.0,2,Call
695,69600,104.0,0,103.0,1,Underlying
695,69600,102.0,1,102.0,2,Put
696,69700,51.0,2,57.0,1,Call
696,69700,103.0,0,103.0,2,Put
696,69700,100.0,0,102.0,1,Underlying
697,69800,52.0,2,54.0,1,Call
697,69800,101.0,0,104.0,0,Put
697,69800,101.0,1,104.0,2,Underlying
698,69900,100.0,1,102.0,0,Underlying
698,69900,102.0,0,102.0,1,Put
698,69900,57.0,1,52.0,0,Call
699,70000,99.0,2,102.0,1,Put
699,70000,102.0,2,101.0,0,Underlying
699,70000,54.0,0,54.0,1,Call
700,70100,103.0,1,106.0,2,Underlying
700,70100,55.0,0,53.0,1,Call
700,70100,105.0,1,103.0,0,Put
701,70200,50.0,1,50.0,0,Call
701,70200,104.0,2,107.0,0,Underlying
701,70200,107.0,1,105.0,2,Put
702,70300,108.0,0,105.0,1,Underlying
702,70300,108.0,1,105.0,2,Put
702,70300,50.0,1,50.0,1,Call
703,70400,105.0,2,104.0,1,Underlying
703,70400,103.0,2,104.0,0,Put
703,70400,54.0,0,48.0,0,Call
704,70500,106.0,0,104.0,1,Put
704,70500,52.0,1,50.0,2,Call
704,70500,106.0,1,101.0,1,Underlying
705,70600,103.0,2,105.0,0,Underlying
705,70600,103.0,1,103.0,0,Put
705,70600,55.0,2,56.0,1,Call
706,70700,101.0,0,104.0,2,Underlying
706,70700,105.0,1,100.0,0,Put
706,70700,59.0,0,58.0,1,Call
707,70800,58.0,1,56.0,1,Call
707,70800,103.0,2,107.0,1,Put
707,70800,103.0,2,105.0,0,Underlying
708,70900,59.0,2,53.0,1,Call
708,70900,106.0,1,106.0,2,Put
708,70900,107.0,2,110.0,0,Underlying
709,71000,105.0,0,107.0,0,Put
709,71000,56.0,2,56.0,2,Call
709,71000,105.0,1,106.0,2,Underlying
710,71100,103.0,0,102.0,2,Underlying
710,71100,102.0,1,104.0,2,Put
710,71100,56.0,2,53.0,0,Call
711,71200,106.0,2,109.0,1,Underlying
711,71200,106.0,0,105.0,2,Put
711,71200,55.0,0,54.0,2,Call
712,71300,107.0,2,106.0,2,Put
712,71300,55.0,2,55.0,1,Call
712,71300,105.0,2,106.0,0,Underlying
713,71400,107.0,0,107.0,1,Underlying
713,71400,108.0,0,111.0,0,Put
713,71400,52.0,2,55.0,2,Call
714,71500,107.0,0,106.0,0,Underlying
714,71500,107.0,2,110.0,1,Put
714,71500,52.0,2,54.0,0,Call
715,71600,50.0,2,52.0,2,Call
715,71600,109.0,1,108.0,2,Put
715,71600,108.0,2,107.0,0,Underlying
716,71700,109.0,2,111.0,2,Underlying
716,71700,52.0,2,55.0,2,Call
716,71700,110.0,2,109.0,0,Put
717,71800,111.0,1,109.0,1,Underlying
717,71800,53.0,2,51.0,2,Call
717,71800,109.0,2,111.0,0,Put
718,71900,112.0,0,112.0,0,Put
718,71900,48.0,1,51.0,1,Call
718,71900,115.0,0,111.0,2,Underlying
719,72000,111.0,2,112.0,0,Underlying
719,72000,111.0,2,109.0,2,Put
719,72000,54.0,2,52.0,2,Call
720,72100,110.0,1,107.0,2,Put
720,72100,53.0,1,54.0,0,Call
720,72100,108.0,0,106.0,0,Underlying
721,72200,106.0,1,105.0,2,Put
721,72200,58.0,2,57.0,2,Call
721,72200,106.0,0,104.0,0,Underlying
722,72300,107.0,0,108.0,0,Put
722,72300,109.0,2,109.0,0,Underlying
722,72300,58.0,2,54.0,2,Call
723,72400,106.0,0,108.0,0,Underlying
723,72400,57.0,1,57.0,0,Call
723,72400,106.0,0,108.0,1,Put
724,72500,55.0,0,52.0,0,Call
724,72500,105.0,2,108.0,1,Put
724,72500,104.0,1,107.0,1,Underlying
725,72600,54.0,2,53.0,0,Call
725,72600,109.0,2,109.0,2,Underlying
725,72600,108.0,0,108.0,0,Put
726,72700,53.0,2,52.0,1,Call
726,72700,107.0,0,106.0,0,Underlying
726,72700,106.0,1,105.0,0,Put
727,72800,108.0,2,105.0,1,Underlying
727,72800,107.0,0,104.0,1,Put
727,72800,53.0,2,53.0,2,Call
728,72900,104.0,2,106.0,1,Underlying
728,72900,105.0,0,102.0,2,Put
728,72900,52.0,2,56.0,2,Call
729,73000,105.0,0,103.0,2,Underlying
729,73000,104.0,2,103.0,2,Put
729,73000,57.0,2,58.0,1,Call
730,73100,104.0,1,102.0,1,Put
730,73100,102.0,2,101.0,0,Underlying
730,73100,59.0,1,58.0,0,Call
731,73200,99.0,1,100.0,2,Underlying
731,73200,60.0,1,64.0,1,Call
731,73200,101.0,2,100.0,0,Put
732,73300,60.0,0,59.0,0,Call
732,73300,100.0,2,99.0,0,Put
732,73300,100.0,1,100.0,2,Underlying
733,73400,61.0,1,60.0,0,Call
733,73400,97.0,1,100.0,1,Put
733,73400,101.0,1,97.0,1,Underlying
734,73500,58.0,1,61.0,1,Call
734,73500,99.0,2,100.0,0,Underlying
734,73500,97.0,2,101.0,2,Put
735,73600,103.0,1,101.0,0,Put
735,73600,98.0,1,101.0,0,Underlying
735,73600,55.0,2,58.0,2,Call
736,73700,103.0,2,101.0,1,Put
736,73700,55.0,1,56.0,2,Call
736,73700,102.0,0,99.0,0,Underlying
737,73800,56.0,2,52.0,1,Call
737,73800,101.0,1,104.0,0,Underlying
737,73800,100.0,1,104.0,1,Put
738,73900,54.0,0,56.0,2,Call
738,73900,99.0,0,100.0,1,Put
738,73900,102.0,2,97.0,0,Underlying
739,74000,56.0,0,54.0,2,Call
739,74000,98.0,0,99.0,0,Underlying
739,74000,99.0,0,102.0,0,Put
740,74100,58.0,0,60.0,1,Call
740,74100,98.0,0,99.0,2,Put
740,74100,97.0,1,102.0,0,Underlying
741,74200,98.0,1,93.0,0,Underlying
741,74200,56.0,0,59.0,2,Call
741,74200,99.0,1,94.0,2,Put
742,74300,95.0,1,96.0,2,Put
742,74300,98.0,2,95.0,0,Underlying
742,74300,60.0,0,56.0,1,Call
743,74400,98.0,1,99.0,2,Underlying
743,74400,98.0,2,98.0,0,Put
743,74400,56.0,1,58.0,2,Call
744,74500,101.0,2,98.0,2,Underlying
744,74500,53.0,1,57.0,1,Call
744,74500,101.0,0,100.0,0,Put
745,74600,54.0,0,55.0,1,Call
745,74600,105.0,0,101.0,2,Put
745,74600,102.0,1,104.0,0,Underlying
746,74700,99.0,1,101.0,1,Underlying
746,74700,58.0,1,55.0,0,Call
746,74700,97.0,0,103.0,2,Put
747,74800,96.0,2,98.0,2,Put
747,74800,94.0,2,98.0,1,Underlying
747,74800,59.0,2,59.0,0,Call
748,74900,93.0,1,96.0,0,Put
748,74900,62.0,1,58.0,1,Call
748,74900,95.0,1,97.0,0,Underlying
749,75000,95.0,2,91.0,2,Underlying
749,75000,57.0,0,60.0,2,Call
749,75000,92.0,0,95.0,1,Put
750,75100,58.0,0,59.0,0,Call
750,75100,99.0,1,98.0,2,Put
750,75100,94.0,1,99.0,2,Underlying
751,75200,96.0,1,97.0,1,Put
751,75200,58.0,0,60.0,2,Call
751,75200,98.0,1,96.0,1,Underlying
752,75300,94.0,1,96.0,0,Underlying
752,75300,92.0,0,95.0,0,Put
752,75300,57.0,2,60.0,2,Call
753,75400,93.0,2,89.0,1,Put
753,75400,57.0,0,56.0,1,Call
753,75400,93.0,2,89.0,1,Underlying
754,75500,88.0,0,88.0,1,Put
754,75500,56.0,1,60.0,1,Call
754,75500,91.0,2,86.0,1,Underlying
755,75600,86.0,0,88.0,2,Put
755,75600,59.0,2,55.0,0,Call
755,75600,86.0,0,91.0,1,Underlying
756,75700,84.0,0,89.0,1,Underlying
756,75700,58.0,2,55.0,2,Call
756,75700,85.0,0,86.0,1,Put
757,75800,90.0,2,87.0,0,Underlying
757,75800,87.0,1,88.0,0,Put
757,75800,52.0,2,55.0,1,Call
758,75900,91.0,1,92.0,1,Underlying
758,75900,93.0,2,88.0,2,Put
758,75900,54.0,1,55.0,0,Call
759,76000,52.0,2,53.0,2,Call
759,76000,90.0,0,93.0,0,Underlying
759,76000,92.0,1,89.0,0,Put
760,76100,54.0,0,53.0,2,Call
760,76100,96.0,2,97.0,0,Put
760,76100,97.0,0,94.0,1,Underlying
761,76200,56.0,1,53.0,2,Call
761,76200,96.0,1,97.0,1,Underlying
761,76200,97.0,2,100.0,1,Put
762,76300,57.0,2,51.0,1,Call
762,76300,103.0,0,100.0,2,Put
762,76300,100.0,1,100.0,2,Underlying
763,76400,101.0,1,98.0,1,Underlying
763,76400,102.0,1,98.0,2,Put
763,76400,50.0,2,52.0,1,Call
764,76500,55.0,1,53.0,1,Call
764,76500,99.0,1,97.0,1,Underlying
764,76500,102.0,1,98.0,0,Put
765,76600,103.0,0,100.0,2,Underlying
765,76600,57.0,1,53.0,0,Call
765,76600,101.0,2,102.0,0,Put
766,76700,56.0,1,55.0,2,Call
766,76700,99.0,1,100.0,2,Underlying
766,76700,97.0,2,101.0,0,Put
767,76800,100.0,2,104.0,1,Put
767,76800,102.0,0,101.0,0,Underlying
767,76800,54.0,2,52.0,0,Call
768,76900,106.0,2,103.0,0,Put
768,76900,52.0,2,53.0,1,Call
768,76900,105.0,0,103.0,0,Underlying
769,77000,104.0,1,105.0,0,Put
769,77000,108.0,2,106.0,2,Underlying
769,77000,52.0,0,57.0,1,Call
770,77100,54.0,2,53.0,1,Call
770,77100,105.0,0,108.0,2,Underlying
770,77100,104.0,2,105.0,2,Put
771,77200,106.0,2,105.0,0,Put
771,77200,58.0,2,58.0,1,Call
771,77200,108.0,2,103.0,2,Underlying
772,77300,105.0,1,103.0,2,Underlying
772,77300,103.0,2,105.0,2,Put
772,77300,58.0,1,59.0,1,Call
773,77400,103.0,0,108.0,2,Put
773,77400,59.0,2,56.0,1,Call
773,77400,104.0,1,104.0,2,Underlying
774,77500,104.0,1,100.0,2,Underlying
774,77500,105.0,1,102.0,0,Put
774,77500,59.0,2,58.0,0,Call
775,77600,101.0,0,105.0,1,Put
775,77600,56.0,2,54.0,0,Call
775,77600,104.0,0,104.0,1,Underlying
776,77700,103.0,1,106.0,1,Underlying
776,77700,104.0,2,108.0,2,Put
776,77700,57.0,0,58.0,1,Call
777,77800,54.0,2,52.0,1,Call
777,77800,104.0,1,107.0,0,Underlying
777,77800,106.0,1,103.0,0,Put
778,77900,105.0,1,105.0,0,Put
778,77900,54.0,0,52.0,2,Call
778,77900,106.0,2,107.0,0,Underlying
779,78000,54.0,1,57.0,0,Call
779,78000,107.0,1,106.0,0,Put
779,78000,105.0,1,107.0,2,Underlying
780,78100,110.0,2,106.0,2,Put
780,78100,109.0,2,106.0,2,Underlying
780,78100,57.0,2,56.0,0,Call
781,78200,107.0,2,108.0,1,Put
781,78200,105.0,2,111.0,0,Underlying
781,78200,57.0,0,60.0,0,Call
782,78300,62.0,0,57.0,2,Call
782,78300,108.0,1,107.0,0,Put
782,78300,108.0,2,107.0,1,Underlying
783,78400,62.0,0,59.0,2,Call
783,78400,111.0,2,108.0,0,Put
783,78400,109.0,1,107.0,2,Underlying
784,78500,63.0,0,60.0,1,Call
784,78500,107.0,0,106.0,0,Put
784,78500,107.0,2,106.0,1,Underlying
785,78600,57.0,0,61.0,2,Call
785,78600,109.0,1,105.0,1,Underlying
785,78600,107.0,0,106.0,1,Put
786,78700,55.0,0,56.0,1,Call
786,78700,108.0,0,108.0,0,Underlying
786,78700,106.0,0,107.0,0,Put
787,78800,55.0,1,57.0,0,Call
787,78800,106.0,1,104.0,2,Underlying
787,78800,104.0,2,106.0,1,Put
788,78900,108.0,0,106.0,0,Put
788,78900,105.0,2,109.0,1,Underlying
788,78900,56.0,1,57.0,2,Call
789,79000,110.0,2,108.0,0,Put
789,79000,109.0,0,108.0,1,Underlying
789,79000,52.0,1,52.0,2,Call
790,79100,104.0,1,108.0,2,Put
790,79100,104.0,0,109.0,1,Underlying
790,79100,54.0,1,54.0,0,Call
791,79200,107.0,0,108.0,1,Underlying
791,79200,49.0,0,49.0,0,Call
791,79200,109.0,1,109.0,1,Put
792,79300,106.0,2,109.0,0,Put
792,79300,110.0,1,106.0,0,Underlying
792,79300,52.0,0,47.0,0,Call
793,79400,109.0,1,109.0,2,Underlying
793,79400,52.0,0,50.0,2,Call
793,79400,109.0,2,107.0,0,Put
794,79500,49.0,2,49.0,2,Call
794,79500,105.0,0,109.0,2,Put
794,79500,105.0,0,109.0,0,Underlying
795,79600,107.0,2,107.0,2,Put
795,79600,47.0,1,48.0,1,Call
795,79600,106.0,2,107.0,1,Underlying
796,79700,107.0,1,111.0,0,Put
796,79700,45.0,1,50.0,2,Call
796,79700,109.0,1,107.0,0,Underlying
797,79800,110.0,0,111.0,2,Underlying
797,79800,49.0,2,49.0,0,Call
797,79800,110.0,1,107.0,0,Put
798,79900,105.0,2,110.0,2,Underlying
798,79900,106.0,0,108.0,1,Put
798,79900,50.0,1,48.0,0,Call
799,80000,104.0,1,110.0,2,Put
799,80000,107.0,2,107.0,2,Underlying
799,80000,49.0,2,46.0,1,Call
800,80100,105.0,0,108.0,1,Underlying
800,80100,108.0,1,105.0,1,Put
800,80100,47.0,1,50.0,2,Call
801,80200,104.0,0,106.0,0,Put
801,80200,49.0,0,46.0,0,Call
801,80200,106.0,0,108.0,0,Underlying
802,80300,48.0,2,51.0,1,Call
802,80300,105.0,0,103.0,1,Put
802,80300,105.0,1,101.0,2,Underlying
803,80400,104.0,0,105.0,1,Put
803,80400,47.0,2,51.0,0,Call
803,80400,104.0,2,105.0,1,Underlying
804,80500,104.0,2,104.0,2,Put
804,80500,104.0,2,103.0,1,Underlying
804,80500,54.0,1,51.0,0,Call
805,80600,52.0,0,56.0,2,Call
805,80600,105.0,2,102.0,0,Put
805,80600,101.0,0,105.0,2,Underlying
806,80700,105.0,2,105.0,0,Underlying
806,80700,106.0,0,104.0,1,Put
806,80700,53.0,0,53.0,1,Call
807,80800,107.0,2,106.0,0,Underlying
807,80800,105.0,0,108.0,2,Put
807,80800,55.0,0,54.0,2,Call
808,80900,105.0,0,107.0,1,Underlying
808,80900,107.0,1,104.0,1,Put
808,80900,58.0,0,57.0,0,Call
809,81000,57.0,1,59.0,0,Call
809,81000,103.0,0,101.0,1,Underlying
809,81000,99.0,1,103.0,0,Put
810,81100,103.0,0,102.0,0,Underlying
810,81100,103.0,2,102.0,1,Put
810,81100,59.0,2,56.0,1,Call
811,81200,58.0,0,57.0,1,Call
811,81200,104.0,0,102.0,2,Put
811,81200,101.0,2,103.0,1,Underlying
812,81300,99.0,0,104.0,0,Put
812,81300,57.0,2,58.0,1,Call
812,81300,102.0,2,99.0,1,Underlying
813,81400,60.0,2,57.0,2,Call
813,81400,101.0,0,103.0,0,Underlying
813,81400,104.0,2,100.0,0,Put
814,81500,58.0,0,62.0,0,Call
814,81500,100.0,1,97.0,2,Put
814,81500,97.0,0,100.0,2,Underlying
815,81600,99.0,1,99.0,0,Underlying
815,81600,102.0,2,99.0,0,Put
815,81600,65.0,1,61.0,1,Call
816,81700,101.0,2,101.0,2,Underlying
816,81700,63.0,1,58.0,0,Call
816,81700,103.0,1,100.0,1,Put
817,81800,102.0,1,101.0,2,Put
817,81800,99.0,1,100.0,0,Underlying
817,81800,62.0,1,63.0,1,Call
818,81900,64.0,2,66.0,2,Call
818,81900,101.0,2,101.0,1,Put
818,81900,102.0,1,99.0,1,Underlying
819,82000,68.0,2,66.0,1,Call
819,82000,97.0,1,100.0,1,Put
819,82000,97.0,2,99.0,0,Underlying
820,82100,67.0,1,69.0,1,Call
820,82100,101.0,2,96.0,1,Underlying
820,82100,97.0,0,98.0,1,Put
821,82200,100.0,2,96.0,1,Put
821,82200,100.0,2,97.0,0,Underlying
821,82200,67.0,2,65.0,1,Call
822,82300,98.0,0,100.0,2,Underlying
822,82300,69.0,1,66.0,2,Call
822,82300,102.0,2,98.0,1,Put
823,82400,105.0,1,102.0,1,Underlying
823,82400,66.0,1,68.0,2,Call
823,82400,104.0,2,102.0,2,Put
824,82500,105.0,1,104.0,0,Underlying
824,82500,62.0,1,65.0,2,Call
824,82500,101.0,2,106.0,0,Put
825,82600,65.0,0,63.0,2,Call
825,82600,109.0,2,105.0,0,Underlying
825,82600,107.0,2,106.0,2,Put
826,82700,104.0,1,108.0,0,Underlying
826,82700,59.0,0,60.0,0,Call
826,82700,108.0,0,105.0,2,Put
827,82800,62.0,2,63.0,2,Call
827,82800,106.0,1,104.0,1,Put
827,82800,105.0,1,104.0,0,Underlying
828,82900,103.0,2,106.0,0,Put
828,82900,103.0,2,103.0,0,Underlying
828,82900,60.0,0,59.0,2,Call
829,83000,104.0,1,102.0,0,Put
829,83000,103.0,2,102.0,2,Underlying
829,83000,61.0,2,62.0,1,Call
830,83100,105.0,1,103.0,2,Underlying
830,83100,106.0,2,102.0,0,Put
830,83100,58.0,2,58.0,1,Call
831,83200,101.0,1,100.0,0,Put
831,83200,100.0,2,97.0,2,Underlying
831,83200,58.0,0,60.0,1,Call
832,83300,100.0,1,98.0,0,Underlying
832,83300,59.0,0,63.0,0,Call
832,83300,99.0,0,97.0,1,Put
833,83400,101.0,2,97.0,1,Put
833,83400,101.0,2,97.0,2,Underlying
833,83400,65.0,1,65.0,0,Call
834,83500,100.0,2,102.0,0,Put
834,83500,100.0,2,101.0,2,Underlying
834,83500,61.0,2,65.0,1,Call
835,83600,106.0,0,102.0,1,Put
835,83600,104.0,2,103.0,2,Underlying
835,83600,59.0,2,62.0,1,Call
836,83700,57.0,2,56.0,2,Call
836,83700,105.0,1,105.0,2,Put
836,83700,103.0,2,108.0,0,Underlying
837,83800,107.0,1,106.0,0,Put
837,83800,108.0,2,104.0,1,Underlying
837,83800,56.0,1,54.0,0,Call
838,83900,56.0,0,52.0,1,Call
838,83900,105.0,0,106.0,0,Put
838,83900,106.0,1,109.0,0,Underlying
839,84000,52.0,0,52.0,2,Call
839,84000,110.0,1,109.0,2,Put
839,84000,109.0,2,111.0,2,Underlying
840,84100,56.0,1,55.0,2,Call
840,84100,105.0,2,108.0,1,Underlying
840,84100,108.0,0,107.0,0,Put
841,84200,104.0,1,105.0,0,Underlying
841,84200,104.0,1,107.0,0,Put
841,84200,61.0,0,56.0,0,Call
842,84300,108.0,0,104.0,0,Underlying
842,84300,105.0,2,107.0,0,Put
842,84300,60.0,2,57.0,2,Call
843,84400,102.0,1,106.0,2,Underlying
843,84400,107.0,0,105.0,1,Put
843,84400,61.0,2,58.0,0,Call
844,84500,107.0,0,110.0,1,Underlying
844,84500,109.0,2,109.0,2,Put
844,84500,60.0,2,57.0,0,Call
845,84600,106.0,0,106.0,1,Underlying
845,84600,107.0,2,104.0,1,Put
845,84600,62.0,2,57.0,2,Call
846,84700,109.0,1,105.0,0,Put
846,84700,107.0,0,110.0,2,Underlying
846,84700,59.0,1,61.0,1,Call
847,84800,107.0,1,109.0,2,Put
847,84800,109.0,1,108.0,1,Underlying
847,84800,56.0,1,59.0,1,Call
848,84900,59.0,0,60.0,2,Call
848,84900,105.0,2,106.0,1,Put
848,84900,103.0,1,107.0,1,Underlying
849,85000,104.0,2,106.0,2,Put
849,85000,106.0,0,102.0,0,Underlying
849,85000,63.0,2,60.0,2,Call
850,85100,104.0,1,105.0,2,Underlying
850,85100,105.0,0,106.0,0,Put
850,85100,63.0,1,61.0,0,Call
851,85200,58.0,2,61.0,0,Call
851,85200,103.0,0,105.0,2,Underlying
851,85200,103.0,0,106.0,1,Put
852,85300,104.0,0,105.0,0,Underlying
852,85300,61.0,0,64.0,0,Call
852,85300,105.0,2,104.0,2,Put
853,85400,102.0,2,104.0,0,Underlying
853,85400,58.0,0,59.0,2,Call
853,85400,104.0,2,104.0,1,Put
854,85500,100.0,0,103.0,0,Put
854,85500,58.0,2,60.0,1,Call
854,85500,100.0,1,104.0,2,Underlying
855,85600,98.0,0,100.0,0,Underlying
855,85600,101.0,2,99.0,0,Put
855,85600,63.0,1,59.0,1,Call
856,85700,58.0,0,58.0,2,Call
856,85700,101.0,1,101.0,2,Underlying
856,85700,104.0,1,100.0,0,Put
857,85800,98.0,0,101.0,1,Underlying
857,85800,100.0,2,103.0,0,Put
857,85800,61.0,2,60.0,2,Call
858,85900,103.0,1,101.0,2,Underlying
858,85900,57.0,0,62.0,0,Call
858,85900,103.0,0,104.0,0,Put
859,86000,103.0,1,102.0,2,Put
859,86000,61.0,0,62.0,2,Call
859,86000,105.0,0,101.0,0,Underlying
860,86100,103.0,1,103.0,1,Put
860,86100,61.0,2,63.0,2,Call
860,86100,99.0,1,104.0,2,Underlying
861,86200,100.0,1,101.0,2,Put
861,86200,62.0,2,62.0,2,Call
861,86200,98.0,1,102.0,1,Underlying
862,86300,99.0,2,103.0,0,Underlying
862,86300,58.0,2,57.0,1,Call
862,86300,102.0,2,102.0,0,Put
863,86400,97.0,2,103.0,2,Underlying
863,86400,101.0,1,101.0,1,Put
863,86400,60.0,2,60.0,0,Call
864,86500,99.0,1,99.0,1,Underlying
864,86500,58.0,0,62.0,2,Call
864,86500,96.0,0,97.0,2,Put
865,86600,58.0,2,58.0,1,Call
865,86600,98.0,0,101.0,0,Put
865,86600,100.0,0,101.0,1,Underlying
866,86700,101.0,1,102.0,2,Put
866,86700,54.0,0,60.0,1,Call
866,86700,103.0,0,100.0,2,Underlying
867,86800,58.0,1,57.0,2,Call
867,86800,106.0,2,104.0,2,Underlying
867,86800,105.0,0,101.0,0,Put
868,86900,100.0,2,104.0,2,Underlying
868,86900,103.0,2,103.0,0,Put
868,86900,54.0,1,59.0,2,Call
869,87000,103.0,0,107.0,0,Underlying
869,87000,53.0,1,55.0,2,Call
869,87000,106.0,2,104.0,2,Put
870,87100,103.0,1,99.0,2,Underlying
870,87100,105.0,0,99.0,1,Put
870,87100,60.0,1,56.0,0,Call
871,87200,101.0,0,104.0,1,Put
871,87200,106.0,1,103.0,2,Underlying
871,87200,51.0,0,56.0,0,Call
872,87300,58.0,1,58.0,0,Call
872,87300,106.0,0,100.0,1,Put
872,87300,104.0,1,100.0,1,Underlying
873,87400,103.0,1,100.0,0,Underlying
873,87400,58.0,1,61.0,2,Call
873,87400,102.0,1,102.0,0,Put
874,87500,101.0,1,102.0,1,Underlying
874,87500,57.0,0,58.0,2,Call
874,87500,103.0,2,101.0,0,Put
875,87600,57.0,1,56.0,0,Call
875,87600,100.0,1,103.0,1,Put
875,87600,104.0,1,99.0,0,Underlying
876,87700,54.0,2,57.0,0,Call
876,87700,98.0,2,102.0,0,Put
876,87700,101.0,2,98.0,1,Underlying
877,87800,97.0,1,96.0,0,Put
877,87800,55.0,0,54.0,2,Call
877,87800,96.0,0,98.0,2,Underlying
878,87900,56.0,1,58.0,2,Call
878,87900,98.0,2,100.0,0,Underlying
878,87900,102.0,0,97.0,2,Put
879,88000,56.0,2,53.0,1,Call
879,88000,99.0,2,100.0,0,Put
879,88000,98.0,1,97.0,2,Underlying
880,88100,99.0,1,102.0,0,Put
880,88100,100.0,2,102.0,2,Underlying
880,88100,55.0,1,54.0,2,Call
881,88200,51.0,0,55.0,0,Call
881,88200,105.0,0,101.0,2,Underlying
881,88200,102.0,2,102.0,0,Put
882,88300,103.0,1,102.0,0,Underlying
882,88300,54.0,1,54.0,0,Call
882,88300,102.0,1,106.0,1,Put
883,88400,102.0,1,99.0,1,Put
883,88400,53.0,0,56.0,1,Call
883,88400,100.0,0,100.0,2,Underlying
884,88500,99.0,1,101.0,1,Put
884,88500,59.0,0,59.0,1,Call
884,88500,98.0,1,101.0,0,Underlying
885,88600,103.0,2,99.0,2,Underlying
885,88600,60.0,0,62.0,1,Call
885,88600,100.0,0,99.0,0,Put
886,88700,101.0,0,106.0,2,Put
886,88700,58.0,0,58.0,0,Call
886,88700,104.0,1,102.0,0,Underlying
887,88800,56.0,2,57.0,1,Call
887,88800,105.0,2,101.0,2,Underlying
887,88800,106.0,1,102.0,1,Put
888,88900,103.0,1,104.0,2,Underlying
888,88900,58.0,2,57.0,1,Call
888,88900,103.0,0,103.0,1,Put
889,89000,62.0,1,59.0,1,Call
889,89000,102.0,0,103.0,1,Put
889,89000,104.0,0,100.0,0,Underlying
890,89100,101.0,2,97.0,0,Put
890,89100,58.0,0,60.0,2,Call
890,89100,99.0,2,102.0,1,Underlying
891,89200,61.0,0,61.0,2,Call
891,89200,100.0,1,99.0,0,Underlying
891,89200,101.0,0,101.0,2,Put
892,89300,60.0,0,56.0,0,Call
892,89300,101.0,2,103.0,1,Put
892,89300,104.0,2,104.0,1,Underlying
893,89400,98.0,0,101.0,0,Underlying
893,89400,60.0,2,62.0,2,Call
893,89400,102.0,2,100.0,1,Put
894,89500,100.0,1,100.0,1,Underlying
894,89500,100.0,0,102.0,2,Put
894,89500,58.0,0,61.0,1,Call
895,89600,97.0,0,99.0,0,Underlying
895,89600,97.0,0,100.0,1,Put
895,89600,57.0,0,61.0,0,Call
896,89700,99.0,2,96.0,2,Put
896,89700,57.0,2,61.0,1,Call
896,89700,100.0,2,97.0,2,Underlying
897,89800,103.0,0,103.0,2,Underlying
897,89800,61.0,2,57.0,1,Call
897,89800,103.0,1,102.0,0,Put
898,89900,99.0,1,102.0,0,Underlying
898,89900,62.0,1,65.0,0,Call
898,89900,101.0,1,100.0,1,Put
899,90000,101.0,2,98.0,2,Underlying
899,90000,101.0,0,99.0,2,Put
899,90000,61.0,1,64.0,0,Call
900,90100,99.0,1,98.0,0,Put
900,90100,66.0,1,65.0,0,Call
900,90100,100.0,1,98.0,1,Underlying
901,90200,93.0,2,97.0,0,Put
901,90200,64.0,2,67.0,0,Call
901,90200,99.0,1,96.0,2,Underlying
902,90300,69.0,2,66.0,0,Call
902,90300,96.0,2,97.0,2,Underlying
902,90300,95.0,1,96.0,1,Put
903,90400,94.0,2,94.0,1,Underlying
903,90400,94.0,0,92.0,1,Put
903,90400,69.0,0,72.0,0,Call
904,90500,98.0,2,95.0,1,Underlying
904,90500,97.0,0,95.0,2,Put
904,90500,68.0,2,68.0,1,Call
905,90600,67.0,0,71.0,1,Call
905,90600,97.0,2,95.0,1,Underlying
905,90600,96.0,0,94.0,0,Put
906,90700,67.0,1,72.0,0,Call
906,90700,93.0,2,93.0,1,Underlying
906,90700,92.0,0,94.0,0,Put
907,90800,66.0,1,69.0,1,Call
907,90800,93.0,2,93.0,0,Underlying
907,90800,96.0,0,90.0,2,Put
908,90900,68.0,0,71.0,2,Call
908,90900,93.0,1,94.0,1,Put
908,90900,95.0,2,92.0,0,Underlying
909,91000,71.0,2,71.0,1,Call
909,91000,90.0,1,92.0,0,Underlying
909,91000,92.0,1,89.0,0,Put
910,91100,90.0,0,87.0,0,Put
910,91100,73.0,2,74.0,0,Call
910,91100,88.0,2,88.0,2,Underlying
911,91200,93.0,0,91.0,2,Put
911,91200,88.0,2,93.0,2,Underlying
911,91200,73.0,0,69.0,0,Call
912,91300,91.0,0,92.0,0,Underlying
912,91300,69.0,2,72.0,2,Call
912,91300,92.0,2,92.0,2,Put
913,91400,93.0,2,88.0,0,Underlying
913,91400,70.0,2,72.0,0,Call
913,91400,90.0,0,90.0,2,Put
914,91500,92.0,2,92.0,0,Underlying
914,91500,91.0,0,91.0,1,Put
914,91500,73.0,2,75.0,1,Call
915,91600,75.0,2,74.0,0,Call
915,91600,90.0,1,91.0,0,Underlying
915,91600,89.0,2,88.0,2,Put
916,91700,73.0,0,76.0,0,Call
916,91700,91.0,1,91.0,2,Underlying
916,91700,94.0,1,93.0,1,Put
917,91800,91.0,0,92.0,2,Underlying
917,91800,79.0,2,77.0,0,Call
917,91800,91.0,1,91.0,2,Put
918,91900,94.0,2,91.0,0,Put
918,91900,94.0,0,91.0,1,Underlying
918,91900,79.0,1,77.0,2,Call
919,92000,76.0,2,74.0,1,Call
919,92000,93.0,2,90.0,0,Underlying
919,92000,94.0,1,91.0,2,Put
920,92100,77.0,2,76.0,0,Call
920,92100,91.0,1,93.0,1,Underlying
920,92100,92.0,1,88.0,1,Put
921,92200,90.0,0,92.0,2,Put
921,92200,91.0,2,90.0,1,Underlying
921,92200,79.0,2,77.0,1,Call
922,92300,85.0,0,90.0,2,Put
922,92300,78.0,2,80.0,1,Call
922,92300,88.0,0,86.0,2,Underlying
923,92400,80.0,0,81.0,2,Call
923,92400,89.0,0,86.0,1,Underlying
923,92400,87.0,0,92.0,2,Put
924,92500,88.0,2,89.0,2,Put
924,92500,82.0,2,83.0,0,Call
924,92500,88.0,0,89.0,2,Underlying
925,92600,81.0,1,82.0,2,Call
925,92600,87.0,2,85.0,0,Underlying
925,92600,85.0,0,88.0,2,Put
926,92700,81.0,1,78.0,1,Call
926,92700,88.0,1,85.0,1,Put
926,92700,87.0,1,89.0,1,Underlying
927,92800,78.0,1,80.0,1,Call
927,92800,91.0,0,91.0,2,Underlying
927,92800,93.0,1,87.0,2,Put
928,92900,81.0,1,81.0,1,Call
928,92900,87.0,0,92.0,1,Underlying
928,92900,90.0,0,90.0,1,Put
929,93000,91.0,2,87.0,0,Underlying
929,93000,91.0,2,88.0,1,Put
929,93000,86.0,0,82.0,1,Call
930,93100,90.0,0,91.0,1,Put
930,93100,90.0,2,92.0,2,Underlying
930,93100,79.0,1,82.0,2,Call
931,93200,88.0,1,89.0,0,Put
931,93200,88.0,2,88.0,0,Underlying
931,93200,77.0,2,80.0,0,Call
932,93300,89.0,2,91.0,2,Put
932,93300,89.0,0,89.0,0,Underlying
932,93300,76.0,2,74.0,1,Call
933,93400,94.0,0,88.0,1,Underlying
933,93400,90.0,1,93.0,2,Put
933,93400,77.0,1,76.0,1,Call
934,93500,88.0,0,91.0,1,Put
934,93500,76.0,1,78.0,1,Call
934,93500,90.0,1,88.0,1,Underlying
935,93600,79.0,1,78.0,2,Call
935,93600,86.0,0,84.0,0,Put
935,93600,85.0,2,82.0,1,Underlying
936,93700,76.0,1,79.0,0,Call
936,93700,82.0,0,82.0,2,Put
936,93700,85.0,2,81.0,2,Underlying
937,93800,83.0,2,83.0,2,Underlying
937,93800,75.0,1,73.0,0,Call
937,93800,84.0,2,80.0,1,Put
938,93900,76.0,1,74.0,1,Call
938,93900,83.0,2,85.0,1,Put
938,93900,85.0,0,83.0,1,Underlying
939,94000,81.0,0,78.0,0,Put
939,94000,81.0,2,78.0,2,Underlying
939,94000,74.0,1,73.0,2,Call
940,94100,79.0,2,81.0,1,Put
940,94100,80.0,0,77.0,2,Underlying
940,94100,76.0,0,79.0,0,Call
941,94200,83.0,2,80.0,1,Put
941,94200,80.0,2,79.0,2,Underlying
941,94200,77.0,2,80.0,2,Call
942,94300,80.0,2,77.0,1,Call
942,94300,80.0,1,79.0,1,Put
942,94300,82.0,2,79.0,2,Underlying
943,94400,76.0,1,78.0,1,Put
943,94400,80.0,1,81.0,2,Call
943,94400,77.0,1,78.0,1,Underlying
944,94500,76.0,2,79.0,2,Underlying
944,94500,87.0,2,81.0,1,Call
944,94500,75.0,2,76.0,0,Put
945,94600,75.0,2,76.0,2,Underlying
945,94600,77.0,2,74.0,2,Put
945,94600,86.0,1,87.0,1,Call
946,94700,75.0,0,77.0,2,Put
946,94700,73.0,1,75.0,0,Underlying
946,94700,84.0,2,88.0,1,Call
947,94800,86.0,2,85.0,1,Call
947,94800,74.0,1,72.0,1,Underlying
947,94800,71.0,0,74.0,0,Put
948,94900,89.0,0,86.0,1,Call
948,94900,70.0,2,69.0,1,Put
948,94900,70.0,2,71.0,2,Underlying
949,95000,92.0,0,91.0,0,Call
949,95000,70.0,1,71.0,0,Put
949,95000,69.0,0,74.0,2,Underlying
950,95100,74.0,2,71.0,1,Underlying
950,95100,69.0,1,72.0,0,Put
950,95100,87.0,1,86.0,2,Call
951,95200,85.0,2,83.0,2,Call
951,95200,71.0,1,71.0,0,Put
951,95200,74.0,1,70.0,0,Underlying
952,95300,82.0,1,83.0,0,Call
952,95300,75.0,1,72.0,0,Put
952,95300,74.0,0,70.0,1,Underlying
953,95400,73.0,0,75.0,2,Put
953,95400,82.0,0,82.0,2,Call
953,95400,72.0,1,74.0,1,Underlying
954,95500,76.0,0,76.0,1,Underlying
954,95500,81.0,0,84.0,1,Call
954,95500,78.0,1,75.0,2,Put
955,95600,81.0,2,83.0,2,Call
955,95600,78.0,2,80.0,0,Underlying
955,95600,77.0,1,78.0,0,Put
956,95700,76.0,2,78.0,2,Put
956,95700,76.0,2,80.0,0,Underlying
956,95700,80.0,1,85.0,0,Call
957,95800,77.0,0,81.0,0,Put
957,95800,77.0,2,79.0,2,Underlying
957,95800,85.0,2,83.0,1,Call
958,95900,79.0,1,78.0,0,Put
958,95900,80.0,2,81.0,0,Underlying
958,95900,78.0,1,83.0,2,Call
959,96000,77.0,2,81.0,2,Put
959,96000,79.0,2,80.0,0,Underlying
959,96000,78.0,2,84.0,1,Call
960,96100,83.0,0,82.0,2,Underlying
960,96100,81.0,1,80.0,0,Put
960,96100,83.0,2,80.0,1,Call
961,96200,76.0,2,82.0,1,Put
961,96200,79.0,2,79.0,1,Underlying
961,96200,82.0,1,81.0,0,Call
962,96300,76.0,1,82.0,1,Put
962,96300,78.0,0,80.0,1,Underlying
962,96300,85.0,2,82.0,2,Call
963,96400,79.0,0,80.0,1,Put
963,96400,80.0,0,76.0,0,Underlying
963,96400,85.0,2,83.0,0,Call
964,96500,88.0,0,86.0,0,Call
964,96500,76.0,1,77.0,2,Underlying
964,96500,74.0,1,77.0,0,Put
965,96600,73.0,0,76.0,1,Put
965,96600,73.0,2,75.0,1,Underlying
965,96600,90.0,1,86.0,0,Call
966,96700,75.0,2,75.0,1,Underlying
966,96700,87.0,0,84.0,1,Call
966,96700,71.0,1,76.0,0,Put
967,96800,79.0,0,76.0,2,Put
967,96800,87.0,1,82.0,1,Call
967,96800,74.0,2,75.0,1,Underlying
968,96900,78.0,2,80.0,0,Underlying
968,96900,84.0,1,86.0,2,Call
968,96900,76.0,0,79.0,1,Put
969,97000,78.0,0,76.0,2,Underlying
969,97000,85.0,1,85.0,2,Call
969,97000,78.0,1,79.0,1,Put
970,97100,76.0,0,80.0,0,Put
970,97100,77.0,2,80.0,0,Underlying
970,97100,89.0,1,86.0,1,Call
971,97200,85.0,0,80.0,2,Call
971,97200,81.0,0,80.0,1,Put
971,97200,79.0,2,80.0,0,Underlying
972,97300,81.0,0,83.0,1,Underlying
972,97300,82.0,1,77.0,1,Call
972,97300,83.0,1,78.0,1,Put
973,97400,79.0,0,83.0,1,Underlying
973,97400,79.0,1,80.0,2,Put
973,97400,77.0,1,78.0,0,Call
974,97500,81.0,1,80.0,2,Underlying
974,97500,78.0,1,80.0,2,Put
974,97500,76.0,0,71.0,2,Call
975,97600,76.0,1,71.0,2,Call
975,97600,80.0,1,82.0,2,Underlying
975,97600,81.0,1,82.0,2,Put
976,97700,78.0,1,77.0,1,Underlying
976,97700,79.0,0,77.0,2,Put
976,97700,74.0,0,75.0,0,Call
977,97800,81.0,2,79.0,0,Underlying
977,97800,76.0,1,75.0,0,Call
977,97800,81.0,2,78.0,2,Put
978,97900,79.0,0,74.0,1,Underlying
978,97900,77.0,2,78.0,1,Put
978,97900,80.0,2,76.0,1,Call
979,98000,74.0,2,77.0,0,Put
979,98000,74.0,1,78.0,1,Underlying
979,98000,76.0,1,75.0,1,Call
980,98100,76.0,0,77.0,0,Call
980,98100,76.0,1,73.0,0,Put
980,98100,73.0,1,72.0,2,Underlying
981,98200,77.0,2,78.0,2,Call
981,98200,71.0,1,72.0,0,Underlying
981,98200,73.0,0,71.0,0,Put
982,98300,78.0,0,75.0,2,Call
982,98300,69.0,2,74.0,1,Underlying
982,98300,71.0,2,72.0,2,Put
983,98400,73.0,2,73.0,1,Underlying
983,98400,75.0,0,79.0,1,Call
983,98400,72.0,0,71.0,1,Put
984,98500,79.0,0,79.0,1,Call
984,98500,73.0,1,72.0,1,Put
984,98500,70.0,1,74.0,2,Underlying
985,98600,72.0,2,74.0,0,Put
985,98600,74.0,0,74.0,2,Underlying
985,98600,74.0,0,80.0,2,Call
986,98700,76.0,2,75.0,1,Put
986,98700,73.0,0,75.0,2,Underlying
986,98700,75.0,1,80.0,2,Call
987,98800,75.0,1,75.0,0,Put
987,98800,76.0,2,78.0,1,Underlying
987,98800,79.0,2,76.0,0,Call
988,98900,81.0,1,80.0,2,Call
988,98900,76.0,0,76.0,1,Put
988,98900,78.0,1,77.0,0,Underlying
989,99000,78.0,2,75.0,2,Call
989,99000,79.0,1,75.0,2,Put
989,99000,77.0,0,74.0,2,Underlying
990,99100,79.0,2,79.0,1,Call
990,99100,78.0,0,76.0,0,Put
990,99100,79.0,0,73.0,1,Underlying
991,99200,82.0,1,78.0,2,Call
991,99200,78.0,2,77.0,1,Put
991,99200,75.0,0,76.0,2,Underlying
992,99300,75.0,2,80.0,1,Underlying
992,99300,82.0,2,83.0,0,Call
992,99300,78.0,0,76.0,0,Put
993,99400,80.0,2,78.0,2,Put
993,99400,78.0,1,79.0,2,Underlying
993,99400,82.0,1,79.0,1,Call
994,99500,78.0,2,80.0,1,Underlying
994,99500,80.0,0,76.0,2,Put
994,99500,79.0,2,77.0,0,Call
995,99600,79.0,2,82.0,0,Put
995,99600,75.0,2,78.0,1,Call
995,99600,80.0,1,78.0,1,Underlying
996,99700,81.0,0,79.0,1,Call
996,99700,78.0,1,81.0,0,Underlying
996,99700,81.0,1,80.0,0,Put
997,99800,81.0,0,84.0,2,Call
997,99800,81.0,2,80.0,1,Underlying
997,99800,80.0,1,77.0,1,Put
998,99900,80.0,0,78.0,2,Underlying
998,99900,80.0,2,77.0,2,Put
998,99900,79.0,2,79.0,0,Call
999,100000,76.0,1,80.0,0,Call
999,100000,81.0,2,80.0,2,Put
999,100000,80.0,1,83.0,2,Underlying
